2548 3774
141 263 203 332 158
414 276 461 324 nn
486 275 607 323 nanno
633 276 808 324 eunuco.

190 445 309 503 magnae
322 426 533 502 cognationis,
548 429 633 502 cujus
645 427 738 484 irater
746 426 925 484 Valetiacus
940 425 1078 503 proximo

192 526 271 566 anno
292 508 421 572 eundem
436 508 651 581 magistratum
667 506 813 581 gesserit:
836 507 992 584 civitatem
1013 525 1077 564 om·

191 605 259 646 nem
276 605 343 644 esse
357 587 388 644 in
404 587 505 655 armis,
522 587 654 644 divisum
671 593 819 656 senatum,
837 586 970 643 divisum
985 605 1077 662 popu·

191 667 272 740 lum;
294 684 366 725 suas
380 668 524 741 cujusque
540 684 643 723 eorum
659 666 823 724 clientelas.
868 666 956 739 Quod
971 666 997 722 si
1012 667 1076 723 diu-

158 748 253 810 5tius
276 747 375 805 alatur
397 745 611 816 controversia,
638 747 710 816 fore,
735 746 778 802 uti
803 763 966 820 perseum
990 753 1074 822 parte

190 827 325 884 civitatis
350 825 514 900 confligat3
535 826 566 883 id
593 843 629 884 ne
656 826 781 897 aecidat,
796 824 930 902 positum
954 825 986 883 in
1009 828 1074 900 ejus

188 906 347 981 diligentia
362 913 451 981 atque
468 906 659 963 auctoritate.

228 991 275 1045 33.
299 985 408 1054 Caesar,
419 985 477 1042 etsi
493 1003 510 1042 a
526 985 604 1042 bello
616 989 706 1060 atque
721 984 808 1042 hoste
820 984 973 1042 discedere
984 985 1074 1042 detri-

187 1071 359 1124 mentosum
385 1082 451 1123 csse
476 1064 682 1135 existimabat,
707 1071 809 1122 tamen
834 1081 895 1121 non
918 1065 1071 1138 ignorans,

137 1151 172 1208 10
186 1153 303 1220 quanta
323 1163 360 1203 ex
381 1144 625 1203 dissensionibus
640 1144 832 1202 incommoda
846 1144 917 1201 oriri
932 1162 1072 1202 consues-

188 1233 264 1295 sent,
276 1243 312 1282 ne
328 1230 414 1282 tanta
427 1231 459 1282 et
473 1229 536 1281 tani
552 1225 710 1298 conjuncta
724 1223 836 1301 populo
846 1224 987 1281 Romano
1002 1225 1071 1281 eivi-

185 1311 243 1375 tas,
259 1322 351 1381 quam
376 1304 440 1378 ipse
465 1321 585 1379 semper
605 1304 732 1361 aluisset
756 1303 955 1378 omnibusque
980 1305 1070 1362 rebus

187 1389 332 1454 ornasset,
349 1385 393 1450 ad
403 1384 465 1440 vim
487 1392 576 1458 atque
598 1383 636 1441 ad
658 1401 742 1440 arma
759 1383 962 1452 descenderet,
979 1390 1070 1459 atque

186 1483 222 1522 ea
236 1483 315 1541 pars,
332 1481 397 1538 quae
413 1464 513 1520 minus
529 1463 585 1518 sibi
601 1463 771 1532 confideret,
788 1463 900 1520 auxilia
914 1481 932 1520 a
947 1462 1070 1520 Verein-

135 1547 170 1604 15
186 1545 323 1618 getorige
340 1549 513 1612 arcesseret,
525 1542 594 1599 huic
606 1542 648 1599 rei
663 1543 904 1618 praevertcndum
918 1542 1069 1600 existima-

187 1624 251 1697 vit;
281 1629 313 1682 et
337 1622 417 1698 quod
440 1622 558 1696 legibus
578 1622 747 1679 AEduorum
767 1622 819 1690 iis,
842 1622 892 1696 qui
915 1639 1067 1679 summum

185 1703 400 1778 magistratum
412 1702 591 1771 obtinerent,
601 1701 746 1758 excedere
759 1719 798 1758 ex
810 1701 919 1758 finibus
930 1719 990 1758 non
1002 1699 1069 1759 liee-

187 1788 240 1851 ret,
251 1800 287 1840 ne
298 1783 371 1858 quid
383 1783 420 1839 de
430 1783 497 1856 jure
513 1787 566 1838 aut
581 1781 617 1838 de
632 1781 750 1856 legibus
765 1798 869 1838 eorum
882 1781 1067 1839 deminuisse

187 1863 347 1932 videretur,
363 1862 427 1936 ipse
449 1861 480 1919 in
502 1860 620 1918 AEduos
633 1859 779 1937 proticisci
794 1860 903 1919 statuit
917 1866 1068 1918 senatum-

133 1944 170 2000 20
185 1960 243 2016 que
265 1959 384 1998 omnem
406 1946 438 1998 et
459 1957 535 2015 quos
555 1940 634 2000 inter
654 1941 963 2009 controversiaesset,
980 1941 1066 2000 adse

185 2021 341 2079 Decetiam
363 2020 511 2078 evocavit.
556 2019 634 2078 (lum
659 2037 752 2095 prope
776 2020 874 2077 omnis
896 2020 1005 2078 civitas
1030 2040 1066 2079 eo

184 2101 384 2168 convenisset,
410 2101 634 2174 docereturque,
658 2100 763 2174 paucis
791 2100 868 2156 elam
891 2101 1065 2158 convocatis

184 2181 245 2243 alio.
265 2181 338 2249 loeo,
356 2179 414 2238 alio
436 2186 688 2255 temperantque
710 2180 883 2254 oportuerit,
900 2179 1022 2240 fratrem
1046 2199 1065 2238 a

184 2261 274 2319 fratre
296 2259 512 2330 renunciatum,
528 2276 596 2316 eum
619 2259 702 2334 leges
723 2260 783 2316 duo
804 2277 841 2316 ex
862 2277 922 2316 una
936 2259 1063 2331 familia,

131 2343 168 2400 25
183 2342 254 2399 vive
270 2349 470 2416 utroque,uon
486 2339 584 2398 solum
599 2340 798 2414 magistratus
812 2339 905 2396 creari
916 2345 1063 2410 vetarent,

183 2421 340 2478 sedetiam
356 2423 387 2478 iu
402 2427 509 2477 senatu
524 2437 591 2477 esse
606 2419 816 2495 prohiberent:
841 2417 951 2476 (lotum
973 2419 1065 2495 impe-

182 2501 259 2557 rium
288 2501 434 2576 deponere
462 2500 579 2573 coligit3
613 2498 896 2577 Convictolitavem,
926 2498 976 2573 qui
1012 2517 1064 2574 per

183 2580 354 2638 sacerdotes
369 2597 451 2642 more
465 2579 607 2647 ciuitatis
623 2579 805 2636 intermissis
820 2578 1061 2652 magistratibus

181 2666 264 2717 esset
278 2667 404 2728 creatus,
420 2665 603 2734 potestatem
618 2658 754 2715 obtinere
771 2658 872 2732 jussit.

128 2743 167 2799 30
221 2743 267 2798 34.
291 2739 358 2796 Hoc
369 2738 490 2794 decreto
505 2738 691 2812 interposito,
704 2737 880 2795 cohortatus
895 2736 1014 2794 AEduos
1029 2742 1062 2795 ut

182 2819 454 2876 controversiarum
488 2835 522 2874 ac
553 2815 775 2874 dissensionum
804 2817 1060 2888 obliviscerentur,

182 2905 272 2973 atque
287 2898 428 2954 omnibus
440 2895 561 2953 omissis
574 2895 620 2952 bis
630 2897 719 2953 rebus
731 2895 799 2953 huie
810 2896 889 2953 bello
901 2897 1059 2966 servirent,

180 2996 284 3052 eaque,
296 2995 362 3052 quae
375 2976 564 3045 meruissent,
575 2975 700 3051 praemia
715 2976 752 3033 ab
766 2992 808 3046 se,
819 2975 940 3032 devicta
950 2975 1059 3046 Gallia,

180 3062 398 3132 exspectarent,
408 3056 638 3130 equitatumque
653 3072 772 3112 omnem
784 3061 815 3111 ct
825 3055 959 3131 peditum
973 3055 1059 3130 milis

118 3138 154 3194 35
171 3135 273 3192 decem
293 3135 350 3190 sibi
366 3134 503 3191 celeriter
522 3133 688 3204 mitterent,
704 3151 770 3208 quae
792 3133 823 3189 in
845 3132 995 3206 praesidiis
1016 3132 1057 3190 rei

170 3213 372 3269 frumentaria
401 3231 493 3270 causa
521 3212 704 3287 disponeret,
730 3213 893 3270 exercitum
922 3212 952 3269 in
982 3213 1057 3270 duas

170 3298 272 3366 partes
288 3291 411 3363 divisit3
434 3298 565 3364 quatuor
579 3292 716 3365 legiones
737 3292 768 3348 in
790 3291 925 3350 Senones
947 3293 1057 3350 Parisi-

174 3387 267 3444 osque
284 3369 418 3426 Labieno
434 3371 587 3428 dueendas
602 3371 695 3441 dedit,
707 3389 760 3428 sex
774 3372 838 3447 ipsc
853 3373 885 3428 in
901 3373 1057 3430 Arvernos

172 3449 211 3505 ad
237 3449 379 3524 oppidum
405 3449 589 3522 Gergoviam
617 3452 784 3509 seeundum
809 3451 921 3511 flumen
946 3452 1058 3512 Elaver
