<?xml version="1.0" encoding="UTF-8"?>
<!DOCTYPE html PUBLIC "-//W3C//DTD XHTML 1.0 Transitional//EN"
    "http://www.w3.org/TR/xhtml1/DTD/xhtml1-transitional.dtd">
<html xmlns="http://www.w3.org/1999/xhtml" xml:lang="en" lang="en">
 <head>
  <title>
</title>
<meta http-equiv="Content-Type" content="text/html;charset=utf-8" />
  <meta name='ocr-system' content='tesseract 3.04.00' />
  <meta name='ocr-capabilities' content='ocr_page ocr_carea ocr_par ocr_line ocrx_word'/>
</head>
<body>
  <div class='ocr_page' id='page_1' title='image "./caiijuliicaesar03caesgoog_0160.png"; bbox 0 0 2548 3774; ppageno 0'>
   <div class='ocr_carea' id='block_1_1' title="bbox 167 293 834 358">
    <p class='ocr_par' dir='ltr' id='par_1_1' title="bbox 167 293 834 358">
     <span class='ocr_line' id='line_1_1' title="bbox 167 293 834 358; baseline -0.015 0"><span class='ocrx_word' id='word_1_1' title='bbox 167 293 230 358; x_wconf 80' lang='lat'>152</span> <span class='ocrx_word' id='word_1_2' title='bbox 437 304 484 351; x_wconf 84' lang='lat' dir='ltr'>nn</span> <span class='ocrx_word' id='word_1_3' title='bbox 509 301 630 348; x_wconf 79' lang='lat' dir='ltr'>nanno</span> <span class='ocrx_word' id='word_1_4' title='bbox 657 300 834 348; x_wconf 80' lang='lat' dir='ltr'>ennmeo.</span> 
     </span>
    </p>
   </div>
   <div class='ocr_carea' id='block_1_2' title="bbox 170 451 1107 3404">
    <p class='ocr_par' dir='ltr' id='par_1_2' title="bbox 186 451 1105 1169">
     <span class='ocr_line' id='line_1_2' title="bbox 218 451 1104 528; baseline -0.005 -14"><span class='ocrx_word' id='word_1_5' title='bbox 218 474 294 528; x_wconf 87' lang='lat' dir='ltr'>cere,</span> <span class='ocrx_word' id='word_1_6' title='bbox 310 461 342 513; x_wconf 87' lang='lat' dir='ltr'>et</span> <span class='ocrx_word' id='word_1_7' title='bbox 363 455 508 513; x_wconf 87' lang='lat' dir='ltr'>virtutem</span> <span class='ocrx_word' id='word_1_8' title='bbox 530 452 682 527; x_wconf 76' lang='lat' dir='ltr'><strong>despicere</strong></span> <span class='ocrx_word' id='word_1_9' title='bbox 703 451 866 528; x_wconf 88' lang='lat' dir='ltr'>potuerint,</span> <span class='ocrx_word' id='word_1_10' title='bbox 888 451 940 526; x_wconf 87' lang='lat' dir='ltr'>qui</span> <span class='ocrx_word' id='word_1_11' title='bbox 961 451 1104 510; x_wconf 86' lang='lat' dir='ltr'>dimicare</span> 
     </span>
     <span class='ocr_line' id='line_1_3' title="bbox 219 531 1103 610; baseline -0.007 -14"><span class='ocrx_word' id='word_1_12' title='bbox 219 556 279 596; x_wconf 91' lang='lat' dir='ltr'>non</span> <span class='ocrx_word' id='word_1_13' title='bbox 294 537 368 607; x_wconf 90' lang='lat' dir='ltr'>ausi,</span> <span class='ocrx_word' id='word_1_14' title='bbox 382 536 512 610; x_wconf 77' lang='lat' dir='ltr'>turpiter</span> <span class='ocrx_word' id='word_1_15' title='bbox 527 551 558 590; x_wconf 91' lang='lat' dir='ltr'>se</span> <span class='ocrx_word' id='word_1_16' title='bbox 574 533 605 589; x_wconf 93' lang='lat' dir='ltr'>in</span> <span class='ocrx_word' id='word_1_17' title='bbox 620 538 721 590; x_wconf 89' lang='lat' dir='ltr'>castra</span> <span class='ocrx_word' id='word_1_18' title='bbox 735 531 907 607; x_wconf 90' lang='lat' dir='ltr'>receperint.</span> <span class='ocrx_word' id='word_1_19' title='bbox 937 532 1103 608; x_wconf 85' lang='lat' dir='ltr'><strong>Imperium</strong></span> 
     </span>
     <span class='ocr_line' id='line_1_4' title="bbox 221 611 1103 690; baseline -0.006 -15"><span class='ocrx_word' id='word_1_20' title='bbox 221 636 254 676; x_wconf 83' lang='lat' dir='ltr'>se</span> <span class='ocrx_word' id='word_1_21' title='bbox 279 619 317 674; x_wconf 89' lang='lat' dir='ltr'>ab</span> <span class='ocrx_word' id='word_1_22' title='bbox 338 616 459 675; x_wconf 83' lang='lat' dir='ltr'>(loesare</span> <span class='ocrx_word' id='word_1_23' title='bbox 483 631 537 690; x_wconf 89' lang='lat' dir='ltr'>per</span> <span class='ocrx_word' id='word_1_24' title='bbox 557 613 759 688; x_wconf 81' lang='lat' dir='ltr'>proditionem</span> <span class='ocrx_word' id='word_1_25' title='bbox 782 611 897 668; x_wconf 90' lang='lat' dir='ltr'>nullum</span> <span class='ocrx_word' id='word_1_26' title='bbox 921 611 1103 683; x_wconf 88' lang='lat' dir='ltr'>desiderare,</span> 
     </span>
     <span class='ocr_line' id='line_1_5' title="bbox 221 693 1103 775; baseline -0.006 -20"><span class='ocrx_word' id='word_1_27' title='bbox 221 698 302 775; x_wconf 90' lang='lat' dir='ltr'>quod</span> <span class='ocrx_word' id='word_1_28' title='bbox 314 697 423 754; x_wconf 90' lang='lat' dir='ltr'>habere</span> <span class='ocrx_word' id='word_1_29' title='bbox 437 694 563 752; x_wconf 87' lang='lat' dir='ltr'>victoria</span> <span class='ocrx_word' id='word_1_30' title='bbox 574 699 686 769; x_wconf 90' lang='lat' dir='ltr'>posset,</span> <span class='ocrx_word' id='word_1_31' title='bbox 697 709 763 768; x_wconf 83' lang='lat' dir='ltr'>quae</span> <span class='ocrx_word' id='word_1_32' title='bbox 773 693 837 767; x_wconf 90' lang='lat' dir='ltr'>jam</span> <span class='ocrx_word' id='word_1_33' title='bbox 849 698 930 749; x_wconf 89' lang='lat' dir='ltr'>esset</span> <span class='ocrx_word' id='word_1_34' title='bbox 942 693 1001 750; x_wconf 86' lang='lat' dir='ltr'>sibi</span> <span class='ocrx_word' id='word_1_35' title='bbox 1013 699 1103 768; x_wconf 89' lang='lat' dir='ltr'>atque</span> 
     </span>
     <span class='ocr_line' id='line_1_6' title="bbox 186 772 1104 850; baseline -0.009 -13"><span class='ocrx_word' id='word_1_36' title='bbox 186 779 361 838; x_wconf 82' lang='lat' dir='ltr'>bomnibus</span> <span class='ocrx_word' id='word_1_37' title='bbox 384 775 482 834; x_wconf 84' lang='lat' dir='ltr'>Gallis</span> <span class='ocrx_word' id='word_1_38' title='bbox 503 773 673 850; x_wconf 84' lang='lat' dir='ltr'>explorata:</span> <span class='ocrx_word' id='word_1_39' title='bbox 702 772 773 848; x_wconf 94' lang='lat' dir='ltr'>quin</span> <span class='ocrx_word' id='word_1_40' title='bbox 794 772 888 830; x_wconf 88' lang='lat' dir='ltr'>etiam</span> <span class='ocrx_word' id='word_1_41' title='bbox 908 773 984 848; x_wconf 90' lang='lat' dir='ltr'>ipsis</span> <span class='ocrx_word' id='word_1_42' title='bbox 1005 773 1104 830; x_wconf 88' lang='lat' dir='ltr'>remit-</span> 
     </span>
     <span class='ocr_line' id='line_1_7' title="bbox 219 853 1104 932; baseline -0.007 -16"><span class='ocrx_word' id='word_1_43' title='bbox 219 865 291 926; x_wconf 91' lang='lat' dir='ltr'>tere,</span> <span class='ocrx_word' id='word_1_44' title='bbox 308 858 334 915; x_wconf 87' lang='lat' dir='ltr'>si</span> <span class='ocrx_word' id='word_1_45' title='bbox 358 858 416 914; x_wconf 87' lang='lat' dir='ltr'>sibi</span> <span class='ocrx_word' id='word_1_46' title='bbox 443 855 542 930; x_wconf 90' lang='lat' dir='ltr'>magis</span> <span class='ocrx_word' id='word_1_47' title='bbox 568 853 711 918; x_wconf 86' lang='lat' dir='ltr'><strong>honorem</strong></span> <span class='ocrx_word' id='word_1_48' title='bbox 737 853 877 932; x_wconf 82' lang='lat' dir='ltr'>tribuere,</span> <span class='ocrx_word' id='word_1_49' title='bbox 893 870 983 927; x_wconf 90' lang='lat' dir='ltr'>quam</span> <span class='ocrx_word' id='word_1_50' title='bbox 1007 853 1045 910; x_wconf 89' lang='lat' dir='ltr'>ab</span> <span class='ocrx_word' id='word_1_51' title='bbox 1071 870 1104 910; x_wconf 91' lang='lat' dir='ltr'>se</span> 
     </span>
     <span class='ocr_line' id='line_1_8' title="bbox 221 932 1104 1012; baseline -0.007 -16"><span class='ocrx_word' id='word_1_52' title='bbox 221 939 349 996; x_wconf 89' lang='lat' dir='ltr'>salutem</span> <span class='ocrx_word' id='word_1_53' title='bbox 366 937 500 1012; x_wconf 88' lang='lat' dir='ltr'>accipere</span> <span class='ocrx_word' id='word_1_54' title='bbox 517 934 683 991; x_wconf 91' lang='lat' dir='ltr'>videantur.</span> <span class='ocrx_word' id='word_1_55' title='bbox 728 937 744 962; x_wconf 90' lang='lat'><strong>“</strong></span> <span class='ocrx_word' id='word_1_56' title='bbox 756 933 832 990; x_wconf 76' lang='lat' dir='ltr'>Haec</span> <span class='ocrx_word' id='word_1_57' title='bbox 846 939 881 990; x_wconf 91' lang='lat' dir='ltr'>ut</span> <span class='ocrx_word' id='word_1_58' title='bbox 893 932 1104 1008; x_wconf 82' lang='lat' dir='ltr'>intelligatis,’&#39;</span> 
     </span>
     <span class='ocr_line' id='line_1_9' title="bbox 221 1012 1104 1094; baseline -0.006 -19"><span class='ocrx_word' id='word_1_59' title='bbox 221 1018 327 1094; x_wconf 89' lang='lat' dir='ltr'>inquit,</span> <span class='ocrx_word' id='word_1_60' title='bbox 344 1021 391 1074; x_wconf 84' lang='lat' dir='ltr'>“a</span> <span class='ocrx_word' id='word_1_61' title='bbox 410 1033 458 1073; x_wconf 79' lang='lat' dir='ltr'>tne</span> <span class='ocrx_word' id='word_1_62' title='bbox 480 1017 595 1072; x_wconf 90' lang='lat' dir='ltr'>sineere</span> <span class='ocrx_word' id='word_1_63' title='bbox 607 1013 810 1088; x_wconf 87' lang='lat' dir='ltr'>pronunciari,</span> <span class='ocrx_word' id='word_1_64' title='bbox 827 1012 929 1070; x_wconf 89' lang='lat' dir='ltr'>audite</span> <span class='ocrx_word' id='word_1_65' title='bbox 944 1013 1104 1071; x_wconf 83' lang='lat' dir='ltr'>Romanos</span> 
     </span>
     <span class='ocr_line' id='line_1_10' title="bbox 221 1092 1105 1169; baseline -0.006 -15"><span class='ocrx_word' id='word_1_66' title='bbox 221 1099 362 1156; x_wconf 81' lang='lat' dir='ltr'>milites.²’</span> <span class='ocrx_word' id='word_1_67' title='bbox 397 1095 543 1154; x_wconf 77' lang='lat' dir='ltr'>Producit</span> <span class='ocrx_word' id='word_1_68' title='bbox 558 1092 671 1163; x_wconf 80' lang='lat' dir='ltr'>servos,</span> <span class='ocrx_word' id='word_1_69' title='bbox 688 1109 764 1168; x_wconf 88' lang='lat' dir='ltr'>quos</span> <span class='ocrx_word' id='word_1_70' title='bbox 778 1093 810 1148; x_wconf 92' lang='lat' dir='ltr'>in</span> <span class='ocrx_word' id='word_1_71' title='bbox 824 1092 1017 1166; x_wconf 81' lang='lat' dir='ltr'>pabulatione</span> <span class='ocrx_word' id='word_1_72' title='bbox 1032 1112 1105 1169; x_wconf 87' lang='lat' dir='ltr'>pau-</span> 
     </span>
    </p>

    <p class='ocr_par' dir='ltr' id='par_1_3' title="bbox 171 1173 1106 1572">
     <span class='ocr_line' id='line_1_11' title="bbox 171 1173 1106 1249; baseline -0.005 -13"><span class='ocrx_word' id='word_1_73' title='bbox 171 1181 206 1238; x_wconf 86' lang='lat'>10</span> <span class='ocrx_word' id='word_1_74' title='bbox 221 1178 264 1235; x_wconf 82' lang='lat' dir='ltr'>cis</span> <span class='ocrx_word' id='word_1_75' title='bbox 280 1183 350 1234; x_wconf 91' lang='lat' dir='ltr'>ante</span> <span class='ocrx_word' id='word_1_76' title='bbox 365 1176 472 1233; x_wconf 90' lang='lat' dir='ltr'>diebus</span> <span class='ocrx_word' id='word_1_77' title='bbox 486 1179 645 1249; x_wconf 77' lang='lat' dir='ltr'>exceperat</span> <span class='ocrx_word' id='word_1_78' title='bbox 659 1173 784 1230; x_wconf 83' lang='lat' dir='ltr'>etfama</span> <span class='ocrx_word' id='word_1_79' title='bbox 800 1173 987 1248; x_wconf 84' lang='lat' dir='ltr'>vinculisque</span> <span class='ocrx_word' id='word_1_80' title='bbox 1002 1191 1106 1232; x_wconf 82' lang='lat' dir='ltr'>exeru-</span> 
     </span>
     <span class='ocr_line' id='line_1_12' title="bbox 222 1253 1105 1329; baseline -0.005 -14"><span class='ocrx_word' id='word_1_81' title='bbox 222 1257 367 1316; x_wconf 85' lang='lat' dir='ltr'>ciaverat.</span> <span class='ocrx_word' id='word_1_82' title='bbox 411 1255 452 1313; x_wconf 87' lang='lat' dir='ltr'>Hi</span> <span class='ocrx_word' id='word_1_83' title='bbox 470 1257 534 1329; x_wconf 89' lang='lat' dir='ltr'>jam</span> <span class='ocrx_word' id='word_1_84' title='bbox 549 1259 619 1310; x_wconf 90' lang='lat' dir='ltr'>ante</span> <span class='ocrx_word' id='word_1_85' title='bbox 634 1253 741 1322; x_wconf 88' lang='lat' dir='ltr'>edocti,</span> <span class='ocrx_word' id='word_1_86' title='bbox 758 1270 824 1327; x_wconf 84' lang='lat' dir='ltr'>quae</span> <span class='ocrx_word' id='word_1_87' title='bbox 846 1253 1025 1328; x_wconf 88' lang='lat' dir='ltr'>interrogati</span> <span class='ocrx_word' id='word_1_88' title='bbox 1039 1272 1105 1329; x_wconf 92' lang='lat' dir='ltr'>pro·</span> 
     </span>
     <span class='ocr_line' id='line_1_13' title="bbox 221 1332 1104 1408; baseline -0.003 -13"><span class='ocrx_word' id='word_1_89' title='bbox 221 1339 408 1406; x_wconf 84' lang='lat' dir='ltr'>nunciarent,</span> <span class='ocrx_word' id='word_1_90' title='bbox 424 1336 537 1392; x_wconf 89' lang='lat' dir='ltr'>milites</span> <span class='ocrx_word' id='word_1_91' title='bbox 554 1351 586 1391; x_wconf 93' lang='lat' dir='ltr'>se</span> <span class='ocrx_word' id='word_1_92' title='bbox 601 1351 667 1390; x_wconf 87' lang='lat' dir='ltr'>esse</span> <span class='ocrx_word' id='word_1_93' title='bbox 688 1332 870 1408; x_wconf 88' lang='lat' dir='ltr'>legionarios</span> <span class='ocrx_word' id='word_1_94' title='bbox 885 1333 1002 1392; x_wconf 90' lang='lat' dir='ltr'>dieunt:</span> <span class='ocrx_word' id='word_1_95' title='bbox 1025 1335 1104 1392; x_wconf 82' lang='lat' dir='ltr'>same</span> 
     </span>
     <span class='ocr_line' id='line_1_14' title="bbox 220 1413 1106 1493; baseline -0.005 -18"><span class='ocrx_word' id='word_1_96' title='bbox 220 1425 252 1475; x_wconf 94' lang='lat' dir='ltr'>et</span> <span class='ocrx_word' id='word_1_97' title='bbox 264 1417 368 1493; x_wconf 88' lang='lat' dir='ltr'>inopia</span> <span class='ocrx_word' id='word_1_98' title='bbox 382 1416 530 1474; x_wconf 88' lang='lat' dir='ltr'>adductos</span> <span class='ocrx_word' id='word_1_99' title='bbox 545 1415 622 1472; x_wconf 89' lang='lat' dir='ltr'>clam</span> <span class='ocrx_word' id='word_1_100' title='bbox 636 1431 674 1470; x_wconf 85' lang='lat' dir='ltr'>ex</span> <span class='ocrx_word' id='word_1_101' title='bbox 687 1413 796 1471; x_wconf 90' lang='lat' dir='ltr'>castris</span> <span class='ocrx_word' id='word_1_102' title='bbox 807 1414 914 1484; x_wconf 86' lang='lat' dir='ltr'>exisse,</span> <span class='ocrx_word' id='word_1_103' title='bbox 926 1414 1035 1490; x_wconf 88' lang='lat' dir='ltr'>siquid</span> <span class='ocrx_word' id='word_1_104' title='bbox 1047 1415 1106 1471; x_wconf 88' lang='lat' dir='ltr'>fru-</span> 
     </span>
     <span class='ocr_line' id='line_1_15' title="bbox 220 1494 1105 1572; baseline -0.003 -18"><span class='ocrx_word' id='word_1_105' title='bbox 220 1499 316 1555; x_wconf 88' lang='lat' dir='ltr'>menti</span> <span class='ocrx_word' id='word_1_106' title='bbox 331 1503 384 1554; x_wconf 91' lang='lat' dir='ltr'>aut</span> <span class='ocrx_word' id='word_1_107' title='bbox 402 1496 520 1572; x_wconf 86' lang='lat' dir='ltr'>pecoris</span> <span class='ocrx_word' id='word_1_108' title='bbox 543 1495 574 1550; x_wconf 93' lang='lat' dir='ltr'>in</span> <span class='ocrx_word' id='word_1_109' title='bbox 598 1494 679 1568; x_wconf 90' lang='lat' dir='ltr'>agris</span> <span class='ocrx_word' id='word_1_110' title='bbox 698 1494 828 1568; x_wconf 91' lang='lat' dir='ltr'>reperire</span> <span class='ocrx_word' id='word_1_111' title='bbox 848 1500 989 1569; x_wconf 90' lang='lat' dir='ltr'>possent:</span> <span class='ocrx_word' id='word_1_112' title='bbox 1012 1495 1105 1551; x_wconf 89' lang='lat' dir='ltr'>simili</span> 
     </span>
    </p>

    <p class='ocr_par' dir='ltr' id='par_1_4' title="bbox 171 1573 1107 1972">
     <span class='ocr_line' id='line_1_16' title="bbox 171 1573 1107 1650; baseline -0.009 -12"><span class='ocrx_word' id='word_1_113' title='bbox 171 1579 339 1638; x_wconf 74' lang='lat' dir='ltr'>lacrimem</span> <span class='ocrx_word' id='word_1_114' title='bbox 355 1577 519 1633; x_wconf 86' lang='lat' dir='ltr'>exercitum</span> <span class='ocrx_word' id='word_1_115' title='bbox 541 1575 642 1650; x_wconf 91' lang='lat' dir='ltr'>inopia</span> <span class='ocrx_word' id='word_1_116' title='bbox 662 1573 766 1649; x_wconf 91' lang='lat' dir='ltr'>premi,</span> <span class='ocrx_word' id='word_1_117' title='bbox 782 1591 837 1630; x_wconf 89' lang='lat' dir='ltr'>nec</span> <span class='ocrx_word' id='word_1_118' title='bbox 853 1576 916 1647; x_wconf 89' lang='lat' dir='ltr'>jam</span> <span class='ocrx_word' id='word_1_119' title='bbox 932 1575 1013 1632; x_wconf 91' lang='lat' dir='ltr'>vires</span> <span class='ocrx_word' id='word_1_120' title='bbox 1028 1575 1107 1631; x_wconf 88' lang='lat' dir='ltr'>suffi-</span> 
     </span>
     <span class='ocr_line' id='line_1_17' title="bbox 221 1654 1106 1732; baseline 0 -18"><span class='ocrx_word' id='word_1_121' title='bbox 221 1674 287 1714; x_wconf 90' lang='lat' dir='ltr'>cere</span> <span class='ocrx_word' id='word_1_122' title='bbox 315 1659 501 1732; x_wconf 88' lang='lat' dir='ltr'>eujusquam,</span> <span class='ocrx_word' id='word_1_123' title='bbox 527 1673 582 1712; x_wconf 89' lang='lat' dir='ltr'>nee</span> <span class='ocrx_word' id='word_1_124' title='bbox 609 1655 685 1711; x_wconf 88' lang='lat' dir='ltr'>ferre</span> <span class='ocrx_word' id='word_1_125' title='bbox 710 1654 809 1729; x_wconf 84' lang='lat' dir='ltr'>operis</span> <span class='ocrx_word' id='word_1_126' title='bbox 837 1655 969 1712; x_wconf 87' lang='lat' dir='ltr'>laborem</span> <span class='ocrx_word' id='word_1_127' title='bbox 997 1673 1106 1730; x_wconf 89' lang='lat' dir='ltr'>posse:</span> 
     </span>
     <span class='ocr_line' id='line_1_18' title="bbox 222 1733 1107 1812; baseline -0.002 -18"><span class='ocrx_word' id='word_1_128' title='bbox 222 1737 325 1812; x_wconf 87' lang='lat' dir='ltr'>itaque</span> <span class='ocrx_word' id='word_1_129' title='bbox 347 1737 491 1794; x_wconf 89' lang='lat' dir='ltr'>statuisse</span> <span class='ocrx_word' id='word_1_130' title='bbox 514 1734 736 1810; x_wconf 88' lang='lat' dir='ltr'>imperatorem,</span> <span class='ocrx_word' id='word_1_131' title='bbox 753 1735 779 1791; x_wconf 91' lang='lat' dir='ltr'>si</span> <span class='ocrx_word' id='word_1_132' title='bbox 801 1733 876 1791; x_wconf 90' lang='lat' dir='ltr'>nihil</span> <span class='ocrx_word' id='word_1_133' title='bbox 899 1735 930 1791; x_wconf 94' lang='lat' dir='ltr'>in</span> <span class='ocrx_word' id='word_1_134' title='bbox 952 1752 1107 1811; x_wconf 86' lang='lat' dir='ltr'>oppugna·</span> 
     </span>
     <span class='ocr_line' id='line_1_19' title="bbox 222 1814 1104 1892; baseline 0 -19"><span class='ocrx_word' id='word_1_135' title='bbox 222 1817 304 1874; x_wconf 84' lang='lat' dir='ltr'>tione</span> <span class='ocrx_word' id='word_1_136' title='bbox 317 1817 418 1892; x_wconf 93' lang='lat' dir='ltr'>oppidi</span> <span class='ocrx_word' id='word_1_137' title='bbox 428 1815 635 1892; x_wconf 84' lang='lat' dir='ltr'>profecissent,</span> <span class='ocrx_word' id='word_1_138' title='bbox 651 1814 752 1871; x_wconf 87' lang='lat' dir='ltr'>triduo</span> <span class='ocrx_word' id='word_1_139' title='bbox 768 1815 932 1872; x_wconf 84' lang='lat' dir='ltr'>exercitum</span> <span class='ocrx_word' id='word_1_140' title='bbox 947 1816 1104 1874; x_wconf 90' lang='lat' dir='ltr'>deducere.</span> 
     </span>
     <span class='ocr_line' id='line_1_20' title="bbox 223 1894 1106 1972; baseline 0.001 -19"><span class='ocrx_word' id='word_1_141' title='bbox 223 1903 239 1926; x_wconf 90' lang='grc'>“</span> <span class='ocrx_word' id='word_1_142' title='bbox 251 1895 355 1967; x_wconf 87' lang='lat' dir='ltr'>Haec,’&#39;</span> <span class='ocrx_word' id='word_1_143' title='bbox 377 1897 483 1972; x_wconf 91' lang='lat' dir='ltr'>inquit,</span> <span class='ocrx_word' id='word_1_144' title='bbox 509 1900 554 1951; x_wconf 84' lang='lat' dir='ltr'>“a</span> <span class='ocrx_word' id='word_1_145' title='bbox 576 1897 653 1963; x_wconf 85' lang='lat' dir='ltr'>me,&#39;&#39;</span> <span class='ocrx_word' id='word_1_146' title='bbox 668 1894 919 1970; x_wconf 75' lang='lat' dir='ltr'>Vercingetorix,</span> <span class='ocrx_word' id='word_1_147' title='bbox 936 1895 1106 1954; x_wconf 87' lang='lat' dir='ltr'>“beneficia</span> 
     </span>
    </p>

    <p class='ocr_par' dir='ltr' id='par_1_5' title="bbox 170 1975 1106 2371">
     <span class='ocr_line' id='line_1_21' title="bbox 170 1975 1106 2052; baseline -0.004 -15"><span class='ocrx_word' id='word_1_148' title='bbox 170 1979 208 2036; x_wconf 80' lang='lat'>20</span> <span class='ocrx_word' id='word_1_149' title='bbox 223 1976 352 2046; x_wconf 91' lang='lat' dir='ltr'>habetis,</span> <span class='ocrx_word' id='word_1_150' title='bbox 375 1995 464 2051; x_wconf 88' lang='lat' dir='ltr'>quem</span> <span class='ocrx_word' id='word_1_151' title='bbox 485 1975 666 2052; x_wconf 88' lang='lat' dir='ltr'>proditionis</span> <span class='ocrx_word' id='word_1_152' title='bbox 687 1975 881 2045; x_wconf 68' lang='lat' dir='ltr'>insimulatis</span> <span class='ocrx_word' id='word_1_153' title='bbox 904 1976 989 2050; x_wconf 89' lang='lat' dir='ltr'>cujus</span> <span class='ocrx_word' id='word_1_154' title='bbox 1013 1994 1106 2052; x_wconf 89' lang='lat' dir='ltr'>opera</span> 
     </span>
     <span class='ocr_line' id='line_1_22' title="bbox 223 2055 1105 2130; baseline 0.001 -18"><span class='ocrx_word' id='word_1_155' title='bbox 223 2057 287 2113; x_wconf 94' lang='lat' dir='ltr'>sine</span> <span class='ocrx_word' id='word_1_156' title='bbox 310 2063 413 2113; x_wconf 87' lang='lat' dir='ltr'>vestro</span> <span class='ocrx_word' id='word_1_157' title='bbox 443 2055 591 2130; x_wconf 88' lang='lat' dir='ltr'>sanguine</span> <span class='ocrx_word' id='word_1_158' title='bbox 619 2061 740 2113; x_wconf 91' lang='lat' dir='ltr'>tanturn</span> <span class='ocrx_word' id='word_1_159' title='bbox 769 2056 934 2113; x_wconf 83' lang='lat' dir='ltr'>exereitum</span> <span class='ocrx_word' id='word_1_160' title='bbox 958 2056 1105 2114; x_wconf 89' lang='lat' dir='ltr'>victorem</span> 
     </span>
     <span class='ocr_line' id='line_1_23' title="bbox 223 2135 1106 2211; baseline 0.001 -19"><span class='ocrx_word' id='word_1_161' title='bbox 223 2136 302 2193; x_wconf 83' lang='lat' dir='ltr'>farne</span> <span class='ocrx_word' id='word_1_162' title='bbox 318 2142 529 2211; x_wconf 88' lang='lat' dir='ltr'>consumptum</span> <span class='ocrx_word' id='word_1_163' title='bbox 540 2135 667 2208; x_wconf 80' lang='lat' dir='ltr'>videtis3</span> <span class='ocrx_word' id='word_1_164' title='bbox 683 2153 772 2210; x_wconf 88' lang='lat' dir='ltr'>quem</span> <span class='ocrx_word' id='word_1_165' title='bbox 788 2135 917 2210; x_wconf 89' lang='lat' dir='ltr'>turpiter</span> <span class='ocrx_word' id='word_1_166' title='bbox 933 2153 964 2192; x_wconf 92' lang='lat' dir='ltr'>se</span> <span class='ocrx_word' id='word_1_167' title='bbox 979 2154 1017 2192; x_wconf 88' lang='lat' dir='ltr'>ex</span> <span class='ocrx_word' id='word_1_168' title='bbox 1031 2137 1106 2211; x_wconf 87' lang='lat' dir='ltr'>fuga</span> 
     </span>
     <span class='ocr_line' id='line_1_24' title="bbox 222 2215 1105 2292; baseline 0.002 -20"><span class='ocrx_word' id='word_1_169' title='bbox 222 2216 415 2292; x_wconf 83' lang='lat' dir='ltr'>recipientem</span> <span class='ocrx_word' id='word_1_170' title='bbox 428 2233 464 2272; x_wconf 89' lang='lat' dir='ltr'>ne</span> <span class='ocrx_word' id='word_1_171' title='bbox 476 2233 537 2290; x_wconf 92' lang='lat' dir='ltr'>qua</span> <span class='ocrx_word' id='word_1_172' title='bbox 551 2215 661 2274; x_wconf 88' lang='lat' dir='ltr'>civitas</span> <span class='ocrx_word' id='word_1_173' title='bbox 676 2215 739 2272; x_wconf 92' lang='lat' dir='ltr'>suis</span> <span class='ocrx_word' id='word_1_174' title='bbox 755 2215 864 2272; x_wconf 84' lang='lat' dir='ltr'>linibus</span> <span class='ocrx_word' id='word_1_175' title='bbox 878 2216 1012 2291; x_wconf 86' lang='lat' dir='ltr'>recipiat,</span> <span class='ocrx_word' id='word_1_176' title='bbox 1024 2235 1042 2272; x_wconf 90' lang='lat' dir='ltr'>a</span> <span class='ocrx_word' id='word_1_177' title='bbox 1057 2234 1105 2274; x_wconf 89' lang='lat' dir='ltr'>me</span> 
     </span>
     <span class='ocr_line' id='line_1_25' title="bbox 223 2297 478 2371; baseline 0.004 -19"><span class='ocrx_word' id='word_1_178' title='bbox 223 2297 379 2371; x_wconf 88' lang='lat' dir='ltr'>provisum</span> <span class='ocrx_word' id='word_1_179' title='bbox 402 2297 478 2353; x_wconf 89' lang='lat' dir='ltr'>est.”</span> 
     </span>
    </p>

    <p class='ocr_par' dir='ltr' id='par_1_6' title="bbox 171 2374 1106 2770">
     <span class='ocr_line' id='line_1_26' title="bbox 171 2374 1105 2454; baseline -0.001 -20"><span class='ocrx_word' id='word_1_180' title='bbox 171 2379 207 2436; x_wconf 78' lang='lat'>25</span> <span class='ocrx_word' id='word_1_181' title='bbox 264 2379 308 2433; x_wconf 76' lang='lat'>21.</span> <span class='ocrx_word' id='word_1_182' title='bbox 327 2375 506 2434; x_wconf 79' lang='lat' dir='ltr'>Conclamat</span> <span class='ocrx_word' id='word_1_183' title='bbox 515 2375 613 2433; x_wconf 85' lang='lat' dir='ltr'>omnis</span> <span class='ocrx_word' id='word_1_184' title='bbox 625 2374 796 2454; x_wconf 88' lang='lat' dir='ltr'>multitudo</span> <span class='ocrx_word' id='word_1_185' title='bbox 810 2381 841 2432; x_wconf 90' lang='lat' dir='ltr'>et</span> <span class='ocrx_word' id='word_1_186' title='bbox 852 2393 906 2432; x_wconf 93' lang='lat' dir='ltr'>suo</span> <span class='ocrx_word' id='word_1_187' title='bbox 918 2394 1000 2433; x_wconf 91' lang='lat' dir='ltr'>more</span> <span class='ocrx_word' id='word_1_188' title='bbox 1012 2376 1105 2433; x_wconf 89' lang='lat' dir='ltr'>armis</span> 
     </span>
     <span class='ocr_line' id='line_1_27' title="bbox 224 2454 1105 2531; baseline 0.001 -18"><span class='ocrx_word' id='word_1_189' title='bbox 224 2461 400 2531; x_wconf 86' lang='lat' dir='ltr'>concrepat;</span> <span class='ocrx_word' id='word_1_190' title='bbox 421 2454 501 2529; x_wconf 87' lang='lat' dir='ltr'>quod</span> <span class='ocrx_word' id='word_1_191' title='bbox 516 2455 612 2512; x_wconf 88' lang='lat' dir='ltr'>faeere</span> <span class='ocrx_word' id='word_1_192' title='bbox 628 2457 659 2513; x_wconf 92' lang='lat' dir='ltr'>in</span> <span class='ocrx_word' id='word_1_193' title='bbox 680 2473 716 2512; x_wconf 96' lang='lat' dir='ltr'>eo</span> <span class='ocrx_word' id='word_1_194' title='bbox 734 2463 925 2525; x_wconf 86' lang='lat' dir='ltr'>consuerunt,</span> <span class='ocrx_word' id='word_1_195' title='bbox 941 2458 1026 2530; x_wconf 88' lang='lat' dir='ltr'>enjus</span> <span class='ocrx_word' id='word_1_196' title='bbox 1041 2475 1105 2514; x_wconf 89' lang='lat' dir='ltr'>ora-</span> 
     </span>
     <span class='ocr_line' id='line_1_28' title="bbox 223 2535 1105 2611; baseline 0.001 -18"><span class='ocrx_word' id='word_1_197' title='bbox 223 2536 337 2593; x_wconf 91' lang='lat' dir='ltr'>tionem</span> <span class='ocrx_word' id='word_1_198' title='bbox 360 2535 547 2609; x_wconf 79' lang='lat' dir='ltr'>approbant3</span> <span class='ocrx_word' id='word_1_199' title='bbox 570 2552 719 2592; x_wconf 86' lang='lat' dir='ltr'>summurn</span> <span class='ocrx_word' id='word_1_200' title='bbox 737 2552 804 2592; x_wconf 88' lang='lat' dir='ltr'>esse</span> <span class='ocrx_word' id='word_1_201' title='bbox 820 2536 1105 2611; x_wconf 80' lang='lat' dir='ltr'>Vercingetorigem</span> 
     </span>
     <span class='ocr_line' id='line_1_29' title="bbox 224 2614 1106 2689; baseline 0.002 -17"><span class='ocrx_word' id='word_1_202' title='bbox 224 2617 339 2685; x_wconf 84' lang='lat' dir='ltr'>ducem,</span> <span class='ocrx_word' id='word_1_203' title='bbox 356 2633 410 2672; x_wconf 89' lang='lat' dir='ltr'>nec</span> <span class='ocrx_word' id='word_1_204' title='bbox 425 2615 461 2671; x_wconf 92' lang='lat' dir='ltr'>de</span> <span class='ocrx_word' id='word_1_205' title='bbox 477 2615 541 2688; x_wconf 91' lang='lat' dir='ltr'>ejus</span> <span class='ocrx_word' id='word_1_206' title='bbox 556 2614 612 2672; x_wconf 90' lang='lat' dir='ltr'>fide</span> <span class='ocrx_word' id='word_1_207' title='bbox 628 2614 847 2689; x_wconf 88' lang='lat' dir='ltr'>dubitandum;</span> <span class='ocrx_word' id='word_1_208' title='bbox 865 2633 920 2672; x_wconf 92' lang='lat' dir='ltr'>nec</span> <span class='ocrx_word' id='word_1_209' title='bbox 934 2618 1045 2689; x_wconf 89' lang='lat' dir='ltr'>majore</span> <span class='ocrx_word' id='word_1_210' title='bbox 1057 2634 1106 2674; x_wconf 77' lang='lat' dir='ltr'>ra</span> 
     </span>
     <span class='ocr_line' id='line_1_30' title="bbox 224 2694 1105 2770; baseline 0.003 -19"><span class='ocrx_word' id='word_1_211' title='bbox 224 2694 305 2752; x_wconf 91' lang='lat' dir='ltr'>tione</span> <span class='ocrx_word' id='word_1_212' title='bbox 318 2695 429 2752; x_wconf 91' lang='lat' dir='ltr'>bellum</span> <span class='ocrx_word' id='word_1_213' title='bbox 442 2695 649 2752; x_wconf 89' lang='lat' dir='ltr'>administrari</span> <span class='ocrx_word' id='word_1_214' title='bbox 659 2711 756 2770; x_wconf 90' lang='lat' dir='ltr'>posse.</span> <span class='ocrx_word' id='word_1_215' title='bbox 788 2695 942 2766; x_wconf 87' lang='lat' dir='ltr'>Statuunt,</span> <span class='ocrx_word' id='word_1_216' title='bbox 955 2703 990 2753; x_wconf 89' lang='lat' dir='ltr'>ut</span> <span class='ocrx_word' id='word_1_217' title='bbox 1001 2697 1105 2754; x_wconf 85' lang='lat' dir='ltr'>decem</span> 
     </span>
    </p>

    <p class='ocr_par' dir='ltr' id='par_1_7' title="bbox 171 2774 1106 3169">
     <span class='ocr_line' id='line_1_31' title="bbox 171 2774 1106 2852; baseline -0.002 -17"><span class='ocrx_word' id='word_1_218' title='bbox 171 2779 209 2835; x_wconf 84' lang='lat'>30</span> <span class='ocrx_word' id='word_1_219' title='bbox 224 2776 308 2832; x_wconf 88' lang='lat' dir='ltr'>milia</span> <span class='ocrx_word' id='word_1_220' title='bbox 327 2774 484 2832; x_wconf 90' lang='lat' dir='ltr'>bominum</span> <span class='ocrx_word' id='word_1_221' title='bbox 498 2775 616 2833; x_wconf 87' lang='lat' dir='ltr'>delecta</span> <span class='ocrx_word' id='word_1_222' title='bbox 636 2794 673 2834; x_wconf 84' lang='lat' dir='ltr'>ex</span> <span class='ocrx_word' id='word_1_223' title='bbox 694 2776 834 2833; x_wconf 90' lang='lat' dir='ltr'>omnibus</span> <span class='ocrx_word' id='word_1_224' title='bbox 855 2776 950 2851; x_wconf 88' lang='lat' dir='ltr'>copiis</span> <span class='ocrx_word' id='word_1_225' title='bbox 972 2775 1003 2832; x_wconf 92' lang='lat' dir='ltr'>in</span> <span class='ocrx_word' id='word_1_226' title='bbox 1025 2777 1106 2852; x_wconf 91' lang='lat' dir='ltr'>oppi-</span> 
     </span>
     <span class='ocr_line' id='line_1_32' title="bbox 224 2854 1104 2930; baseline 0.003 -19"><span class='ocrx_word' id='word_1_227' title='bbox 224 2855 296 2911; x_wconf 90' lang='lat' dir='ltr'>dum</span> <span class='ocrx_word' id='word_1_228' title='bbox 325 2854 496 2923; x_wconf 90' lang='lat' dir='ltr'>mittantur,</span> <span class='ocrx_word' id='word_1_229' title='bbox 520 2873 574 2913; x_wconf 89' lang='lat' dir='ltr'>nee</span> <span class='ocrx_word' id='word_1_230' title='bbox 602 2857 674 2913; x_wconf 89' lang='lat' dir='ltr'>solis</span> <span class='ocrx_word' id='word_1_231' title='bbox 697 2855 889 2930; x_wconf 84' lang='lat' dir='ltr'>Biturigibus</span> <span class='ocrx_word' id='word_1_232' title='bbox 913 2873 1104 2914; x_wconf 88' lang='lat' dir='ltr'>communem</span> 
     </span>
     <span class='ocr_line' id='line_1_33' title="bbox 224 2934 1105 3010; baseline 0.003 -20"><span class='ocrx_word' id='word_1_233' title='bbox 224 2934 352 2991; x_wconf 87' lang='lat' dir='ltr'>salutem</span> <span class='ocrx_word' id='word_1_234' title='bbox 368 2934 619 2992; x_wconf 89' lang='lat' dir='ltr'>committendam</span> <span class='ocrx_word' id='word_1_235' title='bbox 634 2941 776 3009; x_wconf 86' lang='lat' dir='ltr'>censent;</span> <span class='ocrx_word' id='word_1_236' title='bbox 798 2936 877 3010; x_wconf 91' lang='lat' dir='ltr'>qnod</span> <span class='ocrx_word' id='word_1_237' title='bbox 899 2952 983 3010; x_wconf 83' lang='lat' dir='ltr'>paene</span> <span class='ocrx_word' id='word_1_238' title='bbox 1005 2936 1037 2992; x_wconf 93' lang='lat' dir='ltr'>in</span> <span class='ocrx_word' id='word_1_239' title='bbox 1058 2955 1105 3007; x_wconf 87' lang='lat' dir='ltr'>eo,</span> 
     </span>
     <span class='ocr_line' id='line_1_34' title="bbox 225 3013 1106 3089; baseline 0.006 -20"><span class='ocrx_word' id='word_1_240' title='bbox 225 3014 250 3070; x_wconf 91' lang='lat' dir='ltr'>si</span> <span class='ocrx_word' id='word_1_241' title='bbox 272 3013 302 3070; x_wconf 93' lang='lat' dir='ltr'>id</span> <span class='ocrx_word' id='word_1_242' title='bbox 324 3014 470 3089; x_wconf 88' lang='lat' dir='ltr'>oppidum</span> <span class='ocrx_word' id='word_1_243' title='bbox 492 3015 699 3083; x_wconf 86' lang='lat' dir='ltr'>retinuissent,</span> <span class='ocrx_word' id='word_1_244' title='bbox 716 3031 866 3072; x_wconf 87' lang='lat' dir='ltr'>summam</span> <span class='ocrx_word' id='word_1_245' title='bbox 882 3014 1016 3072; x_wconf 78' lang='lat' dir='ltr'>victoriae</span> <span class='ocrx_word' id='word_1_246' title='bbox 1040 3034 1106 3074; x_wconf 90' lang='lat' dir='ltr'>con·</span> 
     </span>
     <span class='ocr_line' id='line_1_35' title="bbox 224 3094 546 3169; baseline -0.006 -17"><span class='ocrx_word' id='word_1_247' title='bbox 224 3100 306 3152; x_wconf 88' lang='lat' dir='ltr'>stare</span> <span class='ocrx_word' id='word_1_248' title='bbox 328 3094 546 3169; x_wconf 86' lang='lat' dir='ltr'>intelligebant.</span> 
     </span>
    </p>

    <p class='ocr_par' dir='ltr' id='par_1_8' title="bbox 171 3173 1105 3404">
     <span class='ocr_line' id='line_1_36' title="bbox 171 3173 1105 3246; baseline 0.001 -14"><span class='ocrx_word' id='word_1_249' title='bbox 171 3175 208 3232; x_wconf 82' lang='lat'>35</span> <span class='ocrx_word' id='word_1_250' title='bbox 265 3177 310 3231; x_wconf 75' lang='lat'>22.</span> <span class='ocrx_word' id='word_1_251' title='bbox 335 3173 488 3246; x_wconf 84' lang='lat' dir='ltr'>Singulari</span> <span class='ocrx_word' id='word_1_252' title='bbox 504 3173 636 3229; x_wconf 90' lang='lat' dir='ltr'>militum</span> <span class='ocrx_word' id='word_1_253' title='bbox 657 3180 830 3231; x_wconf 91' lang='lat' dir='ltr'>nostrorum</span> <span class='ocrx_word' id='word_1_254' title='bbox 849 3175 958 3232; x_wconf 86' lang='lat' dir='ltr'>virtuti</span> <span class='ocrx_word' id='word_1_255' title='bbox 979 3175 1105 3233; x_wconf 85' lang='lat' dir='ltr'>consilia</span> 
     </span>
     <span class='ocr_line' id='line_1_37' title="bbox 224 3251 1103 3324; baseline 0.005 -16"><span class='ocrx_word' id='word_1_256' title='bbox 224 3254 367 3324; x_wconf 86' lang='lat' dir='ltr'>cujusque</span> <span class='ocrx_word' id='word_1_257' title='bbox 384 3251 462 3306; x_wconf 89' lang='lat' dir='ltr'>modi</span> <span class='ocrx_word' id='word_1_258' title='bbox 481 3251 635 3308; x_wconf 85' lang='lat' dir='ltr'>Gallorum</span> <span class='ocrx_word' id='word_1_259' title='bbox 651 3254 901 3324; x_wconf 75' lang='lat' dir='ltr'>occurrebant,&#39;ut</span> <span class='ocrx_word' id='word_1_260' title='bbox 915 3261 963 3311; x_wconf 92' lang='lat' dir='ltr'>est</span> <span class='ocrx_word' id='word_1_261' title='bbox 978 3272 1103 3312; x_wconf 77' lang='lat' dir='ltr'>summae</span> 
     </span>
     <span class='ocr_line' id='line_1_38' title="bbox 225 3327 1102 3404; baseline 0.011 -23"><span class='ocrx_word' id='word_1_262' title='bbox 225 3345 321 3400; x_wconf 86' lang='lat' dir='ltr'>genus</span> <span class='ocrx_word' id='word_1_263' title='bbox 337 3327 466 3384; x_wconf 75' lang='lat' dir='ltr'>solertiae</span> <span class='ocrx_word' id='word_1_264' title='bbox 476 3336 566 3404; x_wconf 85' lang='lat' dir='ltr'>atque</span> <span class='ocrx_word' id='word_1_265' title='bbox 577 3332 615 3388; x_wconf 94' lang='lat' dir='ltr'>ad</span> <span class='ocrx_word' id='word_1_266' title='bbox 627 3334 728 3388; x_wconf 91' lang='lat' dir='ltr'>omnia</span> <span class='ocrx_word' id='word_1_267' title='bbox 738 3333 886 3391; x_wconf 89' lang='lat' dir='ltr'>imitanda</span> <span class='ocrx_word' id='word_1_268' title='bbox 900 3340 931 3391; x_wconf 89' lang='lat' dir='ltr'>et</span> <span class='ocrx_word' id='word_1_269' title='bbox 939 3333 1102 3404; x_wconf 87' lang='lat' dir='ltr'>efficienda,</span> 
     </span>
    </p>
   </div>
   <div class='ocr_carea' id='block_1_3' title="bbox 225 3406 1102 3565">
    <p class='ocr_par' dir='ltr' id='par_1_9' title="bbox 225 3406 1102 3565">
     <span class='ocr_line' id='line_1_39' title="bbox 225 3406 1101 3486; baseline 0.013 -25"><span class='ocrx_word' id='word_1_270' title='bbox 225 3424 291 3479; x_wconf 71' lang='lat' dir='ltr'>quae</span> <span class='ocrx_word' id='word_1_271' title='bbox 317 3406 355 3463; x_wconf 93' lang='lat' dir='ltr'>ab</span> <span class='ocrx_word' id='word_1_272' title='bbox 384 3425 501 3480; x_wconf 84' lang='lat' dir='ltr'>quoque</span> <span class='ocrx_word' id='word_1_273' title='bbox 530 3410 699 3480; x_wconf 86' lang='lat' dir='ltr'>traduntur,</span> <span class='ocrx_word' id='word_1_274' title='bbox 727 3413 927 3486; x_wconf 86' lang='lat' dir='ltr'>aptissimum.</span> <span class='ocrx_word' id='word_1_275' title='bbox 971 3413 1050 3471; x_wconf 88' lang='lat' dir='ltr'>Nam</span> <span class='ocrx_word' id='word_1_276' title='bbox 1073 3420 1101 3472; x_wconf 88' lang='lat' dir='ltr'>et</span> 
     </span>
     <span class='ocr_line' id='line_1_40' title="bbox 225 3485 1102 3565; baseline 0.011 -26"><span class='ocrx_word' id='word_1_277' title='bbox 225 3485 340 3557; x_wconf 88' lang='lat' dir='ltr'>laqueis</span> <span class='ocrx_word' id='word_1_278' title='bbox 362 3485 453 3541; x_wconf 81' lang='lat' dir='ltr'>falces</span> <span class='ocrx_word' id='word_1_279' title='bbox 475 3489 660 3559; x_wconf 89' lang='lat' dir='ltr'>avertebant,</span> <span class='ocrx_word' id='word_1_280' title='bbox 677 3509 752 3565; x_wconf 85' lang='lat' dir='ltr'>ques</span> <span class='ocrx_word' id='word_1_281' title='bbox 774 3510 841 3548; x_wconf 91' lang='lat' dir='ltr'>cum</span> <span class='ocrx_word' id='word_1_282' title='bbox 865 3493 1102 3552; x_wconf 87' lang='lat' dir='ltr'>destinaverant.</span> 
     </span>
    </p>
   </div>
   <div class='ocr_carea' id='block_1_4' title="bbox 0 0 1280 3774">
    <p class='ocr_par' dir='ltr' id='par_1_10' title="bbox 0 0 1280 3774">
     <span class='ocr_line' id='line_1_41' title="bbox 0 0 1280 3774; baseline 0 0"><span class='ocrx_word' id='word_1_283' title='bbox 0 0 1280 3774; x_wconf 95' lang='lat' dir='ltr'> </span> 
     </span>
    </p>
   </div>
  </div>
 </body>
</html>
