2548 3774
199 299 241 368 78
469 315 517 363 na
542 315 663 364 sunno
689 315 864 366 estmoe.

252 464 356 526 Gaesar
382 466 501 525 oblatos
529 467 664 542 gavisus,
694 467 763 525 illos
786 467 909 527 retineri
932 469 1041 543 jussit3
1067 469 1132 546 ipse

251 563 356 604 omnes
370 547 474 622 copias
489 549 597 605 castris
611 548 725 617 eduxit,
738 549 977 624 equitatumque,
993 549 1073 625 quod
1088 567 1130 606 re·

251 627 330 684 eenti
354 627 460 702 proelio
482 628 675 703 perterritum
700 644 767 686 esse
791 629 996 701 existimabat,
1021 647 1129 704 agmen

250 707 394 783 subsequi
410 708 511 781 jussit.

217 785 235 844 5
292 789 336 844 14.
360 788 435 845 Acie
451 786 562 863 triplici
576 786 720 846 instituta
734 793 765 845 et
780 789 917 846 celeriter
931 795 998 846 octo
1013 789 1129 846 milium

249 865 355 925 itinere
376 868 521 938 confecto,
539 868 624 942 prius
646 868 684 924 ad
707 867 840 927 hostium
862 875 963 926 castra
982 869 1129 945 pervenit,

249 965 349 1022 quam,
365 947 437 1022 quid
453 953 601 1022 ageretur,
618 946 761 1006 Germani
777 949 888 1007 sentire
901 956 1035 1025 possent.
1071 947 1130 1022 Qui

251 1027 391 1084 omnibus
406 1028 496 1084 robus
511 1027 611 1084 subito
626 1028 786 1102 perterriti,
802 1035 833 1087 et
854 1029 1006 1086 celeritate
1022 1027 1132 1086 adven·

249 1111 300 1164 tus
324 1107 419 1164 nostri
445 1114 476 1165 ct
502 1107 640 1165 discessu
668 1125 800 1179 suorum,
822 1127 918 1184 neque
941 1108 1057 1167 consilii
1080 1109 1131 1166 ha·

199 1184 338 1243 lebendi
360 1204 457 1262 ucque
479 1204 564 1244 arma
584 1187 722 1262 capiendi
744 1189 844 1263 spatio
859 1190 931 1246 dato
955 1189 1130 1264 perturban-

249 1270 308 1336 tur,
331 1267 472 1342 copiasne
496 1267 645 1324 edversus
671 1266 790 1326 hostem
815 1269 949 1337 educere,
966 1287 1006 1325 an
1029 1275 1130 1326 castra

250 1345 417 1416 defendere,
434 1348 560 1422 aufuge
576 1347 707 1405 salutem
722 1354 833 1423 petere,
848 1354 1013 1424 praestaret.
1051 1349 1131 1422 Quo-

249 1442 317 1483 rum
338 1427 430 1484 timor
450 1445 518 1484 cum
537 1427 659 1484 fremitu
680 1434 711 1485 et
732 1425 878 1486 concursu
900 1429 1128 1502 significaretur,

250 1506 362 1564 milites
377 1507 472 1564 nostri
491 1507 611 1581 pristini
627 1507 686 1565 diei
700 1509 824 1584 pertidia
838 1508 957 1566 incitati
982 1509 1014 1565 iu
1029 1515 1131 1566 castra

199 1583 234 1640 15
249 1585 429 1662 irruperunt.
487 1588 554 1660 Quo
582 1587 648 1644 loco
677 1589 728 1662 qui
749 1589 885 1646 celeriter
913 1606 997 1645 arma
1024 1607 1130 1664 capere

248 1672 420 1741 potuerunt,
436 1668 592 1744 paulisper
606 1669 719 1725 nostris
737 1669 914 1726 restiterunt
940 1674 1029 1743 atque
1051 1669 1131 1726 inter

249 1764 349 1804 carros
374 1747 647 1823 impedimentaque
672 1749 809 1823 proelium
835 1749 1067 1806 commiserunt:
1097 1755 1129 1806 at

249 1826 364 1902 reliqua
378 1827 541 1885 multitudo
552 1845 711 1902 puerorum
729 1829 947 1904 mulierumque
959 1828 1045 1904 (nam
1061 1846 1130 1886 cum

249 1907 389 1964 omnihus
404 1908 467 1964 suis
483 1908 571 1965 domo
584 1912 777 1965 excesserant
788 1907 990 1983 Rhenumque
1006 1910 1130 1965 transie-

197 1981 234 2038 20
250 1987 342 2063 rant),
359 1987 475 2061 passim
496 1987 601 2061 fugere
623 1988 730 2062 coepit5
753 1988 792 2045 ad
813 2006 889 2063 quos
911 1987 1130 2046 consectandos

250 2065 352 2124 Gaesar
372 2067 539 2140 equitatum
562 2066 652 2124 misit.

292 2149 335 2204 15.
361 2146 503 2205 Germani
530 2153 600 2221 post
622 2152 741 2221 tergum
766 2147 895 2204 clamore
924 2148 1037 2219 audito,
1061 2165 1130 2207 cum

250 2241 321 2286 ¹suos
336 2226 461 2284 interfici
475 2227 620 2295 viderent,
632 2227 724 2284 armis
740 2228 865 2300 abjectis
877 2228 1040 2303 signisque
1056 2227 1131 2284 ruili-

249 2306 368 2362 taribus
389 2306 511 2374 relictis,
528 2324 560 2364 se
582 2324 620 2364 cx
641 2307 748 2364 castris
763 2309 928 2380 ejecerunt:
950 2314 1069 2365 etcum
1091 2307 1130 2364 ad

198 2381 234 2438 25
251 2385 449 2449 confluentem
478 2386 574 2443 Mosae
598 2391 629 2443 et
652 2385 753 2444 Rheni
774 2388 991 2461 pervenissent,
1014 2388 1130 2462 reliqua

250 2464 324 2539 fuga
339 2466 506 2541 desperata,
523 2483 636 2539 magno
654 2484 779 2523 numero
795 2467 959 2537 interfecto,
975 2468 1080 2542 reliqui
1097 2484 1130 2524 sc

250 2544 282 2601 in
297 2545 407 2602 flumen
421 2547 687 2621 praecipitaverunt
712 2552 801 2621 atque
816 2546 858 2603 ibi
880 2547 996 2615 timore,
1011 2548 1131 2605 lassitu-

251 2625 330 2693 dine,
358 2625 388 2682 vi
416 2625 547 2683 fluminis
577 2625 714 2700 oppressi
752 2625 914 2700 perierunt.
957 2625 1062 2684 Nostri
1090 2627 1130 2684 ad
1212 2653 1216 2661 ·

251 2722 345 2761 unum
373 2722 478 2763 omncs
506 2706 680 2774 incolumes,
710 2705 866 2781 perpaucis
893 2705 1068 2774 vulneratis
1093 2724 1131 2764 ex

198 2783 236 2840 30
251 2785 329 2842 tanti
351 2785 421 2842 belli
442 2787 559 2854 timore,
582 2804 650 2843 oum
676 2785 810 2842 hostium
832 2803 976 2842 numerus
996 2787 1129 2860 capitum

252 2865 539 2940 quadringentorum
565 2870 596 2923 et
618 2865 746 2939 triginta
768 2865 883 2922 milium
909 2865 1022 2934 fuisset,
1046 2883 1078 2922 se
1098 2866 1131 2922 in

253 2951 354 3002 castra
376 2950 559 3020 receperunt.
605 2944 707 3002 Caesar
731 2944 788 3016 his,
804 2962 880 3020 quos
904 2944 935 3001 in
958 2946 1066 3002 castris
1089 2962 1133 3027 re7

252 3026 394 3092 tinucrat,
410 3025 583 3082 discedendi
605 3029 787 3099 potestatem
810 3021 897 3083 fecit:
919 3024 963 3081 illi
984 3024 1133 3100 supplicia

253 3105 462 3179 cruciatusque
479 3104 635 3163 Gallorum
651 3104 748 3172 veriti,
759 3122 885 3180 quorum
902 3122 990 3179 agros
1005 3122 1132 3161 vexave-

200 3181 236 3238 35
251 3189 327 3252 rant,
349 3201 504 3242 remanere
530 3202 561 3241 se
586 3184 664 3258 apud
688 3201 756 3240 cnm
779 3184 856 3242 velle
879 3185 1027 3242 dixerunt.
1071 3184 1133 3242 His

254 3262 357 3321 Gaesur
371 3263 541 3320 libertatem
557 3263 712 3321 concessit.

294 3343 339 3399 16.
363 3341 543 3400 Germanico
567 3341 645 3399 bello
671 3343 816 3412 confecto,
841 3343 946 3400 multis
971 3343 1008 3401 de
1033 3343 1141 3401 causis·

254 3419 357 3477 Caesar
391 3422 500 3477 statuit
539 3421 595 3477 sihi
624 3419 769 3478 Rhenum
800 3439 867 3480 esse
894 3424 1134 3484 transeundum:

254 3515 382 3572 quarum
407 3499 456 3556 illa
470 3500 528 3556 fuit
544 3499 723 3572 justissima,
740 3501 829 3576 quod,
846 3519 914 3559 cum
930 3503 1048 3562 videret
1062 3503 1135 3562 Ger-
