2548 3774
489 303 604 352 urana
629 305 803 361 Qurnros.
1050 291 1111 356 103

179 460 271 531 parts
292 453 441 530 Hispanis
464 455 618 532 equitibus
647 455 775 526 emissis,
800 457 933 533 equestri
954 456 1058 533 praelio

179 534 347 611 superiores
375 535 511 607 fuissent,
541 537 626 610 desp(
635 543 702 593 rata
729 553 760 594 re
789 535 892 594 hostes
920 555 992 594 suos
1020 539 1057 595 ab

178 615 405 690 oppugnatione
427 616 618 674 reduxeruut.
662 616 740 673 Tum
764 634 819 674 suo
840 634 921 674 more
943 617 1058 675 concla-

178 701 347 765 maverunt,
361 695 404 752 uti
426 694 518 771 aliqui
539 713 576 753 ex
598 696 710 753 nostris
732 696 770 754 ad
791 696 972 771 colloquium
992 715 1058 772 pro-

178 773 292 848 dirent;
322 774 432 832 habere
463 792 537 846 sese,
560 792 625 850 quae
654 775 690 832 de
719 793 750 833 re
780 777 931 834 communi
958 776 1055 834 dicere
1094 779 1108 840 ⁵

178 853 299 924 vellent,
328 855 437 930 quibus
471 856 560 912 rebus
594 855 818 913 controversias
845 855 939 912 minui
968 873 1055 932 posse

177 939 338 1009 sperarent.

217 1015 263 1075 27.
285 1013 423 1072 Mittitur
444 1013 481 1072 ud
502 1032 555 1073 eos
575 1013 765 1089 colloquendi
780 1032 873 1072 causa
888 1013 982 1074 Caius
998 1015 1056 1072 Ar·

176 1092 302 1170 pineins,
319 1111 411 1169 eques
433 1094 602 1165 Romanus,
619 1094 775 1152 ianriliaris
798 1095 904 1169 Quinti
935 1094 1053 1167 Titurii,

174 1177 206 1230 et
231 1173 362 1247 Quintus
384 1173 497 1232 Junius
521 1191 558 1232 ex
588 1173 739 1250 IIispania
763 1175 896 1251 quidam,
920 1175 970 1249 qui
991 1176 1054 1248 jam
1071 1177 1105 1234 10

175 1257 246 1310 ante
267 1253 364 1310 missu
379 1253 510 1312 Caesaris
532 1255 571 1313 ad
593 1254 802 1329 Ambiorigem
818 1254 967 1311 ventitare
988 1272 1056 1312 con·

175 1337 335 1407 sueverat3
366 1334 444 1409 apud
469 1351 546 1409 quos
573 1333 732 1391 Ambiorix
760 1333 798 1391 ad
826 1333 906 1391 hunc
931 1334 1054 1391 modum

174 1409 292 1470 locutus
306 1418 368 1471 est:
392 1412 493 1470 “Sese
508 1430 561 1489 pro
577 1411 707 1472 Oaesaris
727 1413 759 1469 in
781 1431 813 1471 se
827 1412 978 1470 beneficiis
993 1414 1056 1489 plu-

174 1492 283 1549 rimum
297 1492 324 1550 ei
339 1491 472 1550 confiteri
487 1491 603 1563 debere,
618 1493 699 1569 quod
720 1494 783 1567 ejus
799 1510 890 1568 opera
904 1493 1054 1568 stipendio

173 1571 318 1629 liberatus
338 1578 428 1643 esset,
448 1573 530 1649 quod
550 1573 723 1632 Aduatucis
745 1572 879 1630 finitimis
900 1572 964 1630 suis
985 1576 1106 1647 pen-15

173 1651 243 1709 dere
257 1659 451 1726 consuesset;
473 1652 611 1728 quodque
625 1653 654 1710 ei
669 1658 701 1710 et
714 1651 792 1710 filius
813 1658 844 1710 et
859 1652 960 1710 fratris
975 1652 1053 1710 lilius

173 1732 211 1788 ab
235 1731 355 1790 Caesare
374 1733 492 1790 remissi
515 1737 627 1804 essent,
643 1749 719 1807 quos
734 1731 890 1789 Aduatuci
912 1732 1051 1789 obsidum

172 1829 297 1869 numero
312 1811 422 1869 missos
437 1812 515 1888 apud
532 1812 610 1870 sein
625 1812 772 1869 servitute
794 1817 825 1869 et
839 1811 954 1869 catenis
969 1817 1053 1868 tenu-

171 1891 286 1966 issent3
308 1909 405 1967 neque
428 1892 466 1961 id,
482 1892 563 1967 quod
578 1891 682 1950 iecerit
696 1892 733 1949 de
749 1892 975 1967 oppugnatione
990 1908 1052 1948 cas-

170 1976 295 2041 trorum,
319 1977 372 2030 aut
391 1972 505 2046 judicio
528 1977 582 2029 eut
604 1972 761 2030 voluntate
785 1989 841 2029 sua
864 1972 977 2040 iecisse,
998 1971 1105 2031 senno

171 2056 278 2108 coactu
297 2051 448 2124 civitatis;
470 2068 583 2127 suaque
604 2068 671 2109 esse
692 2051 839 2125 ejusmodi
860 2051 995 2126 imperia,
1017 2056 1052 2108 ut

171 2148 231 2188 non
245 2130 347 2188 minus
362 2131 488 2188 haberet
496 2132 575 2205 juris
589 2131 621 2187 in
636 2149 668 2188 se
682 2130 855 2200 multitudo,
872 2148 963 2205 quam
986 2131 1050 2205 ipse

171 2209 201 2267 in
222 2210 455 2269 multitudinem.
506 2210 634 2269 Civitati
652 2228 741 2286 porro
765 2209 842 2268 hauc
864 2210 958 2268 fuisse
980 2209 1050 2268 belli

171 2307 304 2362 eausam,
320 2291 399 2367 quod
423 2291 588 2366 repentinae
612 2290 768 2350 Gallorum
791 2290 989 2364 conjurationi
1009 2307 1052 2348 re·

172 2371 278 2428 sistere
293 2388 354 2428 non
368 2371 517 2447 potuerit:
541 2370 571 2427 id
586 2387 618 2428 se
633 2371 720 2428 facile
742 2387 780 2427 ex
800 2368 972 2428 humilitate
995 2387 1050 2427 sua
1066 2373 1102 2429 25

170 2450 296 2526 probare
310 2468 408 2526 posse,
424 2450 503 2526 quod
524 2467 584 2508 non
606 2450 682 2508 adeo
703 2450 744 2507 sit
763 2449 921 2525 imperitus
941 2467 1049 2519 rernm,

171 2537 205 2588 ut
219 2530 283 2587 suis
298 2531 391 2607 copiis
405 2530 549 2606 populum
565 2530 739 2588 Romanum
753 2546 785 2586 se
801 2547 942 2605 superare
961 2547 1050 2606 posse

171 2609 318 2669 confidat:
341 2610 394 2668 sed
409 2627 475 2668 esse
492 2609 598 2669 Galliae
615 2627 774 2669 commune
796 2609 969 2682 consilium3
991 2627 1052 2666 om·

171 2690 261 2748 nibus
285 2689 417 2748 hibernis
432 2689 562 2749 cesaris
577 2689 788 2765 oppugnandis
811 2689 889 2746 hunc
909 2706 976 2747 esse
992 2689 1051 2746 dic·

171 2775 235 2828 tum
247 2769 336 2841 diem,
346 2788 383 2828 ue
394 2788 455 2845 qua
466 2769 545 2845 legio
558 2769 658 2828 alterre
673 2769 787 2842 legioni
801 2769 935 2827 subsidio
947 2769 1049 2827 venire
1065 2771 1102 2826 30

171 2855 291 2926 posset:
321 2867 382 2908 uon
404 2850 491 2908 facile
515 2849 621 2908 Gallos
646 2849 743 2908 Gallis
771 2866 882 2923 negare
904 2849 1048 2925 potuisse,

171 2930 337 3006 prasertim
357 2948 426 2988 cum
450 2930 486 2987 de
509 2930 713 3006 recuperanda
736 2931 888 2986 communi
910 2929 1049 2986 libertate

171 3009 331 3068 consilinm
352 3010 461 3068 initum
483 3009 644 3067 videretur.
688 3009 805 3082 Quibus
831 3009 973 3083 quoniam
996 3026 1051 3084 pro

171 3090 284 3166 pietate
300 3090 488 3159 satisfecerit,
506 3088 617 3147 habere
638 3106 718 3146 nunc
740 3106 771 3146 se
793 3089 940 3146 rationem
963 3087 1049 3146 officii

171 3187 225 3244 pro
246 3170 396 3228 beneficiis
413 3169 561 3242 Oaesaris3
582 3187 712 3238 monere,
730 3186 813 3226 orare
828 3169 979 3226 Titurium
995 3185 1049 3244 pro
1064 3165 1102 3224 35

173 3249 313 3328 hospitio,
329 3255 363 3308 ut
384 3267 445 3307 suae
468 3268 501 3307 ac
523 3248 654 3306 militum
676 3249 768 3305 saluti
790 3249 943 3306 consulat:
966 3266 1050 3322 mag-

172 3349 243 3388 nam
257 3347 379 3388 manum
391 3328 608 3388 Germanorum
623 3329 802 3386 conductam
814 3328 955 3386 Rhenum
972 3333 1052 3384 tran·

172 3411 268 3484 sisse;
289 3409 475 3468 hane‘aifore
493 3409 592 3467 biduo.
635 3409 777 3483 Ipsorum
795 3425 861 3466 esse
883 3407 1051 3477 consilium,

173 3490 305 3550 velintne
327 3490 420 3566 prins,
443 3507 536 3565 quarn
559 3487 679 3546 finitimi
704 3488 847 3558 sentient,
872 3488 996 3547 eductos
1015 3502 1053 3544 ex
