2524 3776
162 280 203 344 04
430 295 476 341 nn
501 294 623 342 annuo
649 294 825 343 ennnroo.

212 446 349 504 ducentae
370 449 401 502 et
416 445 526 520 viginti
542 463 636 502 naves
655 463 757 503 eorum
779 444 980 520 paratissima
1002 451 1094 520 atquo

212 527 293 583 omni
323 543 432 601 genere
461 542 612 582 armorum
647 525 857 596 ornatissima,
887 525 1028 600 profecta
1056 542 1094 582 ax

212 611 310 682 portu,
339 605 453 662 nostris
481 606 615 662 adversae
643 605 861 662 constiterunt:
891 623 988 680 neque
1016 605 1093 661 satis

213 685 318 755 Bruto,
335 685 386 760 qui
401 685 492 742 classi
507 690 644 760 praeerat,
661 685 709 741 vel
724 684 856 742 tribunis
876 685 1008 741 militum
1028 702 1094 741 cen·

178 768 196 825 5
211 765 450 840 turionibusque,
461 765 571 840 quibus
581 765 708 838 singulae
724 782 818 822 naves
829 770 917 821 erant
929 763 1091 834 attributae,

210 845 379 916 constabat,
395 845 466 920 quid
488 851 613 919 agerent
635 851 688 902 aut
701 862 792 919 quam
813 844 961 901 rationem
983 861 1093 918 pugnae

211 925 395 982 insisterent.
439 924 551 982 Rostro
566 925 647 981 enim
662 925 761 981 noceri
773 941 833 982 non
844 941 934 998 posse
946 941 1093 998 cognove-

210 1010 295 1078 rant3
316 1005 451 1062 turribus
473 1010 574 1062 autem
596 1003 745 1074 excitatis,
761 1009 863 1060 tamen
886 1003 942 1061 has
962 1003 1092 1060 altitudo

210 1085 354 1161 puppium
377 1101 416 1141 ex
438 1083 575 1141 barbaris
597 1083 726 1141 navibus
749 1083 921 1159 superabat,
938 1089 973 1140 ut
994 1099 1091 1157 noque

162 1165 195 1222 lt)
210 1182 247 1221 ex
262 1163 401 1221 inferiore
422 1163 487 1222 loco
503 1164 578 1220 satis
593 1164 750 1221 commode
764 1163 826 1220 tela
847 1163 936 1238 adjici
957 1168 1090 1238 possent,

210 1249 242 1300 et
265 1243 360 1301 missa
383 1243 421 1300 ab
445 1243 542 1303 Gallis
566 1243 692 1316 gravius
712 1243 888 1302 acciderent.
933 1241 1004 1299 Una
1025 1247 1092 1299 erat

211 1341 323 1398 magno
346 1323 415 1381 usui
438 1340 486 1380 res
507 1331 678 1399 praeparata
699 1341 717 1382 a
739 1323 861 1394 nostris,
885 1322 978 1379 falces
1000 1339 1093 1398 praa

211 1410 288 1461 cutae
308 1403 429 1461 insertae
441 1402 593 1478 affixaque
609 1403 765 1477 longuriis,
776 1419 837 1459 non
857 1402 987 1460 absimili
996 1402 1092 1459 forma

210 1483 382 1541 muralium·
398 1483 530 1540 falcium.
575 1482 633 1540 His
656 1501 724 1540 cum
746 1483 842 1553 funes,
865 1482 917 1558 qui
942 1488 1091 1539 antennas

160 1563 194 1621 15
211 1563 249 1620 ad
260 1563 357 1621 malos
369 1563 572 1631 destinabant,
583 1563 791 1638 comprehensi
802 1562 984 1638 adductique
993 1567 1089 1633 erant,

210 1643 335 1718 navigio
358 1643 449 1700 remis
477 1642 604 1700 incitato
638 1643 927 1717 praerumpebantur.
972 1642 1091 1715 Quibus

210 1723 363 1794 abscissis,
386 1728 524 1780 antennae
546 1723 717 1780 necessario
738 1722 944 1792 concidebant,
960 1729 1003 1792 ut,
1023 1739 1090 1778 cum

210 1803 309 1859 omnis
325 1802 453 1862 Gallicis
468 1802 598 1859 navibus
610 1819 680 1877 spes
694 1801 726 1859 in
741 1802 818 1859 velis
835 1802 1090 1876 armamentisque

209 1882 397 1954 consisteret,
426 1882 474 1939 his
507 1881 619 1958 ereptis
653 1882 753 1939 omnis
779 1900 854 1940 usus
877 1882 1002 1939 navium
1030 1900 1091 1939 uno

158 1959 195 2017 20
210 1968 344 2037 tempore
359 1962 531 2037 eriperetur.
576 1961 742 2037 Reliquum
763 1967 829 2019 erat
846 1968 999 2020 certamen
1012 1962 1092 2036 posi·

209 2047 274 2098 tum
289 2042 320 2099 in
335 2041 457 2112 virtute,
474 2060 534 2116 qua
554 2042 649 2099 nostri
664 2042 777 2098 milites
793 2042 881 2100 facile
896 2041 1089 2115 superabant,

210 2127 300 2196 atque
322 2139 358 2179 eo
380 2122 488 2196 magis,
505 2121 586 2196 quod
611 2122 642 2178 in
664 2127 827 2196 conspectu
850 2121 980 2180 Caesaris
1000 2127 1090 2196 atque

209 2202 308 2266 omnis
323 2202 473 2260 exercitus
488 2219 536 2258 res
553 2201 724 2276 gerebatur,
741 2206 776 2258 ut
791 2201 907 2258 nullum
928 2202 1019 2277 paulo
1035 2201 1091 2259 for-

208 2280 272 2338 tius
286 2281 399 2339 factum
414 2282 506 2338 latere
517 2287 638 2356 posset:
660 2299 766 2338 omnes
777 2282 858 2338 enim
870 2281 961 2339 colles
977 2300 1010 2338 ac
1025 2281 1091 2339 loca

157 2358 194 2415 25
210 2361 372 2436 superiora,
388 2362 467 2419 unde
481 2367 548 2418 erat
562 2361 751 2437 propinquus
772 2361 933 2438 despectus
949 2361 979 2418 in
996 2379 1088 2433 mare,

210 2441 248 2498 ab
262 2441 395 2498 exercitu
409 2442 597 2499 tenebantur.

251 2523 296 2580 15.
319 2521 460 2594 Dejectis,
477 2527 511 2578 ut
531 2521 672 2590 diximus,
689 2521 838 2591 antennis,
861 2538 930 2578 cum
952 2521 1089 2596 singulas

209 2600 287 2658 binsc
302 2618 337 2658 ac
351 2606 443 2657 ternae
458 2619 553 2658 naves
564 2601 834 2671 circumsteterant,
846 2600 957 2658 milites
969 2618 1089 2658 summa

209 2680 240 2736 vi
268 2680 480 2738 transcendere
507 2680 538 2737 in
566 2680 702 2738 hostium
731 2677 825 2738 naves
855 2681 1086 2738 contendebant,

158 2759 193 2815 30
210 2760 299 2833 Quod
319 2766 481 2835 postquam
501 2760 622 2818 barbari
644 2759 706 2817 fieri
729 2761 1018 2830 animadverterunt,
1039 2778 1079 2818 ex

208 2841 354 2915 pugnatis
377 2839 580 2916 compluribus
602 2841 740 2912 navibus
760 2857 828 2898 cum
853 2840 880 2919 ei
905 2841 948 2898 rei
972 2841 1077 2897 nullur:

208 2921 391 2994 reperiretur
405 2919 561 2989 auxilium,
576 2919 652 2994 fuga
668 2921 799 2979 salutern
813 2925 915 2996 petere
931 2921 1070 2978 contende
1130 2948 1134 2952 ·

208 3005 296 3057 runt:
319 3017 354 3057 ac
370 3001 434 3074 jam
449 2999 604 3057 conversis
620 3001 651 3056 in
665 3018 733 3057 earn
747 3008 865 3076 partem
881 3001 1018 3069 navibus
1029 3019 1084 3075 qu.

208 3087 318 3137 ventus
332 3079 457 3150 serebat,
472 3084 560 3136 tanta
575 3079 677 3137 subito
692 3081 819 3138 malacia
834 3099 869 3138 ac
883 3080 1088 3156 tranquillitas

156 3160 192 3216 35
207 3159 377 3230 exstitit,ut
400 3176 432 3216 se
457 3177 494 3216 ex
518 3159 584 3217 loco
608 3177 730 3217 movere
751 3178 811 3217 non
836 3166 970 3235 possent.
1013 3161 1088 3233 Quae

208 3239 330 3312 quidem
351 3255 399 3294 ros
421 3237 458 3294 ad
481 3239 637 3312 negotium
652 3239 869 3297 conficiendum
885 3241 1016 3297 maxime
1030 3239 1088 3297 fuit

209 3324 394 3392 opportuna:
417 3335 487 3373 narn
510 3317 646 3391 singulas
667 3319 761 3376 nostri
785 3321 952 3377 consectati
974 3337 1088 3394 expug-

208 3401 366 3464 naverunt,
382 3401 417 3452 ut
429 3414 585 3470 perpaucae
601 3415 638 3454 ex
652 3399 733 3454 omni
748 3417 872 3456 numero
888 3400 985 3457 noctis
1000 3399 1088 3456 inter·

208 3484 301 3534 ventu
330 3476 367 3533 ad
396 3481 508 3532 terram
535 3477 734 3550 pervenerint,
759 3496 826 3535 cum
856 3480 894 3536 ab
923 3479 998 3538 hora
1026 3480 1088 3538 sere

207 3564 316 3630 quarta
337 3573 431 3631 usque
453 3555 490 3612 ad
513 3556 586 3613 solis
608 3573 747 3614 occasum
768 3565 962 3634 pugnaretur.
