2524 3776
494 298 605 346 urana
630 297 785 346 paruus.
1060 283 1099 350 31

168 448 261 508 officio
275 449 477 508 discessurum
494 446 667 523 judicaret?
711 447 775 506 Sibi
795 448 914 524 quidem
928 465 1049 525 persua·

166 529 237 599 deri,
250 529 380 604 cognitis
395 529 457 586 suis
471 528 633 604 postulatis
649 534 737 604 atque
749 529 889 604 equitate
904 529 1048 587 conditio·

167 627 237 666 num
265 615 430 685 perspecta,
460 626 527 665 euru
562 625 656 683 neque
692 625 778 665 suam
816 626 911 683 neque
946 609 1046 685 pepuli

167 689 298 746 Romani
307 689 436 764 gratiam
445 687 676 765 repudiaturum.
708 687 830 761 Quodsi
849 689 1046 764 luroreetque

166 769 297 826 amentia
324 769 471 845 impulsus
505 767 616 824 bellum
644 767 804 837 intulisset,
826 768 897 843 quid
922 768 1045 826 tandem
1080 771 1098 828 5

166 847 362 906 vererentur?
385 853 438 906 ant
460 865 512 906 cnr
533 848 570 905 de
593 865 648 905 sna
671 848 783 906 virtute¹
816 852 870 905 aut
891 848 928 906 dc
951 848 1045 924 ipsius

164 928 321 1003 diligentia
346 925 565 1004 desperarent?
607 927 734 984 Factum
749 929 812 1002 ejus
824 927 921 986 bostis
934 929 1045 1004 pericu·

165 1002 226 1065 lum
249 1014 369 1085 patrum
391 1013 562 1066 nostrorum
584 1007 736 1077 memoria,
760 1025 827 1066 eum
861 1007 991 1066 Cimbris
1014 1014 1045 1066 et

165 1088 312 1146 Teutonis
327 1106 345 1145 a
361 1088 436 1147 (laio
451 1087 550 1145 Mario
564 1087 659 1164 pulsis
683 1104 743 1145 non
764 1088 908 1145 minorem
924 1087 1044 1146 laudern

164 1169 312 1226 exereitus
337 1185 426 1243 quam
447 1168 510 1244 ipse
531 1167 694 1242 imperator
723 1167 847 1224 meritus
870 1167 1043 1226 videbatur:
1061 1170 1098 1227 lo

164 1248 277 1306 factum
298 1248 389 1305 etiam
411 1255 504 1322 nuper
524 1247 556 1304 in
576 1247 667 1304 Italia
688 1247 790 1304 servili
811 1247 952 1317 tumultu,
969 1264 1044 1323 quos

164 1334 266 1385 tamen
281 1328 392 1402 aliquid
407 1345 480 1384 usus
495 1345 529 1385 ae
544 1326 709 1404 disciplina,
724 1344 815 1402 quam
830 1345 848 1383 a
863 1326 949 1384 nobis
965 1345 1045 1384 acce·

163 1410 288 1485 pissent,
305 1407 506 1465 sublevarent.
549 1406 597 1464 Ex
618 1423 676 1482 quo
692 1407 820 1481 judicari
839 1424 937 1482 posse,
954 1424 1045 1483 quan·

164 1493 228 1546 tum
250 1487 374 1545 haberet
387 1488 417 1544 in
433 1505 464 1544 se
480 1487 550 1545 boni
564 1486 737 1544 constantia
748 1507 765 1560 ς’
776 1492 934 1562 propterea
954 1487 1042 1562 quod,

143 1584 239 1649 ‘quos
255 1567 437 1642 aliquamdiu
458 1568 587 1624 inermos
607 1567 670 1623 sine
685 1583 777 1624 causa
792 1566 971 1637 timuissent,
988 1565 1043 1625 hos
1060 1568 1094 1625 15

163 1653 270 1724 postea
291 1653 424 1704 armatos
440 1665 475 1705 ae
496 1648 624 1705 victores
643 1652 845 1722 superassent.
907 1645 1042 1721 Denique

164 1725 220 1784 hos
245 1745 311 1784 esse
334 1727 463 1797 eosdem,
485 1727 662 1803 quibuscum
684 1743 886 1802 sepenumero
910 1725 1043 1784 Helvetii

163 1807 318 1882 congressi
349 1824 409 1864 non
431 1806 527 1863 solnm
548 1807 578 1863 iu
600 1806 671 1877 suis,
688 1807 741 1864 sed
761 1807 852 1864 etiam
872 1806 904 1862 in
924 1805 1043 1863 illorum

164 1886 279 1958 finibus,
295 1886 467 1962 plerumque
488 1887 664 1963 superarint,
680 1886 731 1961 qui
751 1891 854 1943 tamen
874 1902 961 1960 paras
975 1903 1042 1943 esse

163 1972 268 2024 nostro
289 1966 431 2024 exercitui
446 1983 506 2024 uon
522 1966 681 2042 potuerint.
726 1965 758 2023 Si
780 1982 855 2040 quos
881 1965 1042 2022 adversum
1058 1968 1095 2025 2⁰

162 2046 300 2122 proelium
314 2052 345 2104 ct
358 2047 432 2120 fuga
448 2044 603 2104 Gallorum
620 2050 829 2114 commoveret,
846 2043 911 2116 bos,
927 2045 952 2101 si
967 2061 1043 2120 qma-

164 2130 271 2196 rerent,
295 2127 423 2202 reperire
443 2143 532 2201 posse
558 2125 754 2183 diuturnitate
775 2124 846 2182 belli
865 2124 1041 2200 defatigatis

163 2205 261 2265 Gallis
286 2206 483 2276 Ariovistum,
496 2223 565 2264 cum
580 2204 692 2262 multos
706 2222 825 2262 menses
839 2205 946 2262 castris
961 2221 993 2262 se
1008 2222 1043 2261 ac

163 2285 323 2362 paludibus
344 2286 499 2354 tenuisset,
521 2302 617 2359 neque
639 2284 685 2341 sui
705 2289 889 2360 potestatem
911 2284 1040 2353 fecisset,

162 2365 357 2440 desperantes
373 2367 437 2440 jam
451 2365 488 2422 de
508 2382 612 2441 pugna
632 2369 663 2421 et
677 2364 828 2440 dispersos
843 2363 942 2420 subito
958 2364 1043 2422 ador·
1057 2367 1094 2424 25

162 2451 236 2514 tum,
252 2446 349 2519 magis
363 2445 478 2502 ratione
493 2450 525 2500 et
538 2443 662 2502 consilio
683 2461 773 2518 quam
787 2444 899 2500 virtute
924 2443 1040 2501 vicisse.

163 2524 221 2582 (lui
235 2524 344 2582 rationi
359 2529 463 2582 contra
478 2524 614 2582 homines
628 2523 771 2581 barbaros
783 2528 872 2598 atque
886 2523 1040 2599 imperitos
1119 2549 1122 2553 ·

162 2604 246 2662 locus
262 2605 375 2674 luisset,
392 2603 448 2661 hae
471 2622 508 2661 ne
524 2603 621 2679 ipsum
642 2603 761 2679 quidem
776 2620 894 2678 sperare
920 2608 1040 2660 nostros

161 2684 311 2742 exereitus
338 2685 403 2760 capi
429 2701 526 2759 posse.
578 2683 636 2756 Qui
663 2700 750 2739 suum
778 2683 914 2740 timorem
942 2682 973 2740 in
1000 2681 1042 2738 rei

163 2764 363 2822 frumentaria
398 2763 618 2821 simulationem
652 2762 867 2838 angustiasque
902 2762 1041 2819 itinerum
1056 2765 1093 2824 30

160 2844 338 2912 conferrent,
350 2843 447 2900 facere
460 2847 643 2918 arroganter,
654 2860 722 2899 cum
737 2847 789 2898 aut
800 2841 836 2898 de
848 2841 941 2899 officio
952 2843 1042 2916 impe·

162 2923 271 2981 ratoris
285 2923 444 2999 desperare
469 2928 522 2980 aut
541 2923 730 2998 praescribere
749 2921 927 2980 viderentur.
965 2921 1040 2980 llaec

161 3003 220 3061 sibi
236 3020 303 3060 esse
324 3002 621 3076 curae3'frumentum
643 3001 806 3077 Sequanos,
830 3001 955 3071 Leucas,
973 3001 1043 3058 Lin-

161 3099 259 3158 gonas
274 3083 519 3157 subministrare3
536 3084 657 3157 jamque
672 3099 739 3138 esse
750 3081 780 3138 in
796 3081 877 3156 agris
892 3081 1042 3138 frumenta

160 3167 297 3220 matura:
320 3162 356 3220 de
371 3163 475 3220 itinere
496 3163 577 3239 ipsos
593 3161 677 3218 brevi
697 3166 830 3236 tempore
843 3161 1038 3235 judicaturos.
1055 3162 1092 3219 35

162 3241 251 3315 Quod
273 3259 333 3299 non
354 3242 416 3300 sore
430 3243 510 3300 dicto
532 3243 689 3299 audientes
707 3241 818 3298 milites
842 3259 937 3316 neque
953 3241 1041 3312 signa

160 3322 253 3379 laturi
267 3322 412 3394 dicantur,
424 3322 496 3379 nihil
513 3339 544 3378 se
555 3340 592 3379 ea
602 3338 632 3378 re
645 3321 840 3379 commoveri:
863 3321 937 3378 scire
952 3320 1040 3390 enim,

160 3401 396 3478 quibuscumque
424 3402 572 3460 exereitus
600 3401 680 3459 dieto
702 3401 827 3458 audiens
855 3417 914 3457 non
943 3399 1040 3469 fuerit,

161 3485 216 3540 aut
247 3481 325 3539 male
347 3499 379 3539 re
401 3486 490 3558 gesta
513 3482 663 3538 fortunam
686 3481 834 3554 defuisse;
855 3484 909 3536 aut
941 3478 1042 3552 aliquo
