2548 3774
200 290 261 358 134
466 305 513 353 nn
538 304 659 354 annito
684 305 859 353 caturca.
941 369 943 372 Ι

252 455 353 516 Rheni
376 455 543 533 finibusque
564 455 756 514 Trevirorum
778 453 818 514 ad
840 455 970 513 Nervios
990 455 1132 529 pertinet,

251 537 433 612 milibusque
469 536 599 610 amplius
634 536 810 611 quingentis
845 536 876 593 in
911 535 1131 610 longitudinem

252 622 347 692 patet,
363 616 492 675 Lucium
506 616 676 674 Minucium
699 615 837 672 Basilum
860 633 928 674 cum
951 615 1034 673 omni
1053 614 1135 690 equi·

253 703 319 755 tatu
333 696 498 771 premittit,
515 695 541 754 si
555 696 629 771 quid
653 694 805 753 celeritate
828 695 947 753 itineris
970 701 1060 770 atque
1082 713 1134 770 op·

219 777 439 850 aportunitate
463 776 609 850 temporis
636 774 778 851 proficere
806 775 923 850 possit;
958 780 1069 845 monet,
1098 781 1134 832 ut

252 856 339 931 ignes
354 856 417 914 ficri
439 856 469 912 in
490 856 601 913 castris
618 855 786 930 prohibeat,
805 872 918 931 nequa
936 856 1002 929 ejus
1024 855 1133 912 adven·

252 941 303 993 tus
318 935 421 1012 procul
435 935 618 1012 significatio
635 934 703 993 fiat:
726 953 792 993 sese
813 935 973 992 confestim
990 934 1133 1010 subsequi

254 1015 337 1074 dicit.

293 1099 340 1153 30.
362 1095 485 1156 Basilus
499 1099 534 1152 ut
548 1095 730 1171 imperatum
745 1100 793 1152 cst
806 1094 896 1168 facit;
917 1094 1053 1152 celeriter
1067 1111 1134 1152 con-

202 1179 238 1237 10
253 1179 358 1250 traque
381 1176 516 1233 omnium
539 1175 711 1250 opinionem
733 1175 869 1232 confecto
890 1175 1005 1244 itinere,
1020 1175 1133 1258 multos

253 1255 283 1312 in
298 1256 380 1330 agris
394 1256 585 1330 inopinantes
599 1254 814 1330 deprehendit;
834 1271 939 1312 eorum
961 1255 1071 1312 indicio
1095 1255 1135 1312 ad

253 1334 353 1409 ipsum
369 1335 578 1409 Ambiorigem
593 1335 758 1406 contendit,
774 1353 834 1410 qno
849 1335 879 1391 in
895 1334 961 1392 loco
980 1352 1049 1392 oum
1063 1353 1124 1410 pau

252 1415 297 1472 cis
311 1415 464 1490 equitibus
477 1432 544 1472 esse
559 1413 722 1472 dicebatur.
765 1414 899 1472 Multum
913 1432 982 1472 cum
997 1415 1029 1471 in
1042 1414 1135 1487 omni·

253 1494 311 1552 bns
326 1496 423 1564 rebus
439 1501 504 1552 tum
526 1495 557 1551 in
577 1512 608 1552 re
624 1494 749 1552 militari
763 1501 866 1570 potest
879 1494 1009 1553 fortuna.
1052 1493 1134 1551 Nam

203 1579 238 1636 15
254 1575 333 1633 sicut
354 1592 466 1649 magno
494 1574 606 1632 accidit
628 1591 710 1644 casu,
736 1580 771 1630 ut
798 1575 828 1630 in
852 1574 950 1650 ipsum
978 1574 1135 1631 incautum

254 1661 344 1730 atque
359 1654 451 1712 etiam
466 1653 650 1728 imparatum
666 1654 819 1723 incideret,
833 1655 978 1730 priusque
999 1655 1063 1727 ejus
1085 1653 1136 1710 ad-

254 1741 364 1791 ventus
379 1734 417 1791 ab
431 1734 572 1792 omnibus
586 1734 748 1803 videretur,
764 1751 855 1809 quam
871 1734 950 1790 fama
962 1750 996 1789 ac
1013 1733 1132 1790 nunciis

254 1814 427 1887 afferretur3
459 1814 502 1871 sic
527 1831 645 1888 magnae
668 1813 727 1871 fuit
749 1811 876 1871 fortunae
902 1813 983 1869 omni
1007 1813 1132 1870 militari

254 1894 464 1964 instrumento,
479 1893 560 1968 quod
575 1892 686 1950 circum
701 1911 733 1950 se
750 1893 889 1964 habebat,
904 1899 1015 1969 erepto,
1031 1892 1135 1950 rhedis

201 1976 239 2032 20
253 1973 397 2050 equisque
406 1972 639 2048 comprehensis
649 1973 749 2048 ipsum
759 1973 889 2047 effugere
899 1980 1035 2030 mortem.
1073 1972 1135 2030 Sed

255 2053 311 2110 hoc
335 2071 453 2128 quoque
478 2053 592 2110 factum
617 2059 673 2123 est,
695 2053 776 2128 quod
800 2052 926 2110 aedilicio
948 2052 1135 2110 circumdato

254 2133 332 2190 silva
347 2133 397 2209 (ut
417 2139 489 2189 sunt
510 2133 570 2190 fere
591 2131 744 2189 domicilia
759 2132 926 2202 Gallorum,
943 2132 993 2207 qui
1016 2132 1136 2189 vitandi

253 2219 347 2282 cestus
356 2229 448 2270 conse
462 2212 637 2287 plerumque
649 2211 792 2269 silvarum
808 2229 844 2269 ac
854 2211 1010 2268 fluminum
1025 2217 1136 2288 petunt

254 2291 521 2368 propinquitates),
537 2291 662 2349 comites
677 2291 902 2366 familiaresque
915 2293 980 2364 ejus
1001 2298 1135 2366 angusto

201 2374 238 2430 25
255 2372 285 2428 in
306 2372 371 2430 loco
393 2370 545 2447 paulisper
558 2370 693 2446 equiturn
715 2377 887 2428 nostrorum
902 2371 962 2427 vim
986 2371 1136 2427 sustinue-

254 2459 332 2509 runt.
377 2450 437 2508 His
451 2450 658 2526 pugnantibus
673 2449 759 2507 illum
780 2451 812 2506 in
833 2468 945 2526 equum
959 2450 1082 2526 quidem
1098 2467 1136 2507 ex

253 2532 316 2588 suis
338 2530 458 2589 intulit:
484 2531 651 2605 fugientem
672 2530 757 2587 silvae
778 2535 927 2588 texerunt.
972 2529 1022 2588 Sic
1042 2536 1074 2587 et
1095 2530 1136 2588 ad

253 2610 443 2668 subeundum
462 2610 628 2686 periculum
648 2615 680 2667 et
700 2611 739 2668 ad
755 2610 914 2668 vitandum
935 2609 1064 2667 multum
1079 2609 1137 2667 for·

252 2697 327 2748 tuna
340 2690 446 2748 valuit.

201 2774 238 2832 30
293 2773 339 2829 31.
362 2769 523 2827 Ambiorix
536 2769 639 2844 copias
654 2785 727 2826 suas
742 2768 896 2843 judicione
912 2785 972 2830 non
987 2768 1137 2826 condure-

253 2850 302 2919 rit,
330 2849 411 2926 quod
438 2849 541 2925 proelio
567 2847 773 2907 dimicandum
799 2866 859 2906 non
880 2848 1072 2918 existimarit,
1095 2865 1135 2905 an

253 2935 388 3005 tempore
402 2928 542 2986 exclusus
556 2934 588 2985 et
602 2927 758 3004 repentino
769 2927 906 3003 equitum
918 2927 1053 2985 adventu
1069 2945 1136 3003 pro·

248 3006 372 3077 hibitus,
388 3024 456 3065 cum
476 3006 623 3082 reliquum
645 3006 809 3064 exercitum
832 3007 973 3081 subsequi
990 3008 1127 3066 crederet

248 3088 374 3144 dubium
398 3094 462 3159 cst3
492 3087 544 3144 sed
568 3093 647 3144 certe
670 3086 805 3144 dimissis
831 3104 884 3161 per
906 3104 997 3161 agros
1017 3089 1135 3146 nunciis

194 3169 232 3226 35
248 3168 307 3223 sibi
338 3184 486 3241 quemque
518 3167 673 3223 consulere
698 3166 807 3240 Jussit:
844 3184 976 3242 quorum
1002 3185 1073 3242 pars
1104 3168 1135 3225 in

248 3247 445 3302 Arduennam
476 3245 594 3315 silvam,
624 3263 694 3319 pars
725 3247 757 3303 in
784 3247 976 3304 continentes
1006 3247 1135 3322 paludes

248 3325 400 3399 profugit;
423 3325 475 3398 qui
496 3325 625 3398 proximi
648 3324 802 3382 Oceanum
824 3326 953 3396 fuerunt,
973 3326 1005 3383 hi
1026 3328 1134 3385 insulis

247 3419 313 3459 sese
328 3403 565 3472 occultaverunt,
582 3421 658 3478 ques
679 3410 772 3461 estus
793 3405 906 3464 efficere
929 3413 1132 3472 consuerunt:

247 3482 334 3540 multi
345 3500 383 3540 ex
393 3483 457 3539 suis
469 3483 577 3539 finibus
588 3483 704 3558 egressi
719 3501 751 3541 se
766 3501 882 3559 suaque
900 3487 1003 3544 omnia
1013 3487 1134 3545 alienis
