2548 3774
466 320 579 368 nrssu
604 320 780 379 oumrus.
1044 305 1090 372 95

160 475 272 543 essent,
300 467 338 528 de
365 469 456 528 tertia
483 469 589 546 vigilia
616 469 654 529 ad
682 469 786 528 hostes
814 469 978 542 contendit,
1002 488 1038 530 eo

161 550 261 608 minus
282 551 395 608 veritus
417 550 554 621 navibus,
577 552 657 627 quod
678 551 710 606 in
731 550 818 608 litore
841 549 925 608 molli
948 556 1038 626 atque

160 635 264 705 aperto
286 630 437 704 deligatas
461 630 498 687 ad
522 648 661 687 ancoram
685 630 889 706 relinquebat;
913 636 945 688 et
965 647 1038 706 prae-

160 710 239 767 sidio
254 710 383 766 navibus
395 710 542 782 Quintum
554 710 675 768 Atrium
686 710 827 785 praefecit.
863 710 934 784 Ipse
946 715 1037 769 noctu

100 801 106 806 ·
160 806 336 864 progressus
364 789 449 846 milia
470 806 615 865 passuum
639 789 757 848 circiter
780 789 938 848 duodecim
969 789 1037 848 hos·
1069 790 1088 848 5

160 869 234 925 tium
259 869 361 944 copias
389 869 580 945 conspicatus
607 875 662 926 est.
706 869 756 926 Illi
783 870 920 945 equitatu
945 876 1036 945 atque

158 949 274 1006 essedis
290 949 328 1006 ad
349 948 459 1006 flumen
479 948 632 1024 progressi
655 965 694 1006 ex
713 948 778 1006 loco
798 948 949 1024 superiore
970 966 1037 1007 nos·

159 1035 223 1084 tros
251 1027 408 1103 probibere
436 1033 467 1085 et
492 1028 629 1104 proelium
657 1028 845 1085 committere
873 1033 1033 1103 ceperunt.

117 1145 121 1150 -
159 1105 289 1182 Repulsi
310 1108 347 1165 ab
368 1108 504 1182 equitatu
526 1125 557 1164 sc
579 1108 610 1164 in
624 1107 718 1164 silvas
734 1107 921 1177 abdiderunt,
937 1106 1034 1166 locum

119 1203 122 1207 ·
158 1186 239 1243 nacti
267 1187 388 1262 egregie
412 1193 443 1244 et
465 1194 573 1244 natura
601 1194 632 1244 et
654 1204 741 1262 opere
762 1187 920 1256 munitum,
946 1205 1034 1262 quern
1052 1188 1088 1246 1⁰

94 1273 97 1278 '
158 1265 316 1324 domestici
331 1266 410 1336 belli,
427 1272 461 1323 ut
475 1267 640 1336 videbatur,
656 1284 747 1324 causa
759 1267 823 1340 jam
839 1272 908 1323 ante
923 1284 1036 1342 praepa·

157 1353 313 1402 laverant:
349 1363 419 1403 nam
447 1347 557 1403 crebris
586 1345 743 1403 arboribus
772 1346 895 1403 succisis
930 1363 1034 1403 omncs

157 1425 298 1482 introitus
313 1433 400 1482 crant
414 1426 557 1500 praeelusi.
601 1425 664 1501 Ipsi
679 1443 715 1481 ex
730 1424 815 1482 silvis
830 1425 889 1481 rari
907 1443 1035 1501 propug-

157 1506 271 1562 nabant
304 1511 482 1579 nostrosque
511 1505 590 1564 intra
617 1505 798 1561 munitiones
825 1505 942 1579 ingredi
969 1523 1035 1581 pro·

157 1583 310 1642 bibebant.
353 1586 399 1641 At
418 1585 532 1641 milites
560 1584 688 1658 legionis
710 1584 853 1658 septima,
883 1585 1033 1642 testudine
1050 1588 1086 1646 15

156 1664 237 1721 facta
250 1670 282 1720 et
296 1681 406 1738 aggere
423 1663 461 1720 ad
482 1663 664 1720 munitiones
686 1663 810 1736 adjecto,
832 1663 930 1722 locum
952 1681 1034 1738 cepe·

155 1749 226 1800 runt
240 1761 350 1818 eosque
372 1761 409 1800 ex
430 1743 516 1800 silvis
531 1743 716 1818 expulerunt,
732 1743 836 1818 paucis
858 1743 1033 1802 vulneribus

155 1823 294 1897 acceptis.
335 1821 394 1881 Sed
409 1841 461 1879 eos
476 1822 627 1897 fugientes
641 1822 760 1896 longius
777 1822 880 1880 Caesar
893 1823 1032 1898 prosequi

155 1903 261 1971 vetuit,
290 1909 322 1958 et
348 1902 428 1977 quod
455 1902 512 1959 loci
535 1907 674 1959 naturam
701 1902 869 1976 ignorabat,
895 1911 927 1959 et
952 1902 1032 1976 quod

154 1998 269 2056 magna
290 1988 376 2056 parte
399 1980 459 2038 diei
475 1988 657 2057 consumpta
677 1981 839 2038 munitioni
864 1986 1031 2038 castrorum
1047 1984 1084 2042 20

154 2067 274 2136 tempus
288 2060 416 2136 relinqui
429 2060 558 2118 volebat.

198 2143 242 2198 lu.
267 2140 417 2197 Postridie
445 2141 508 2214 ejus
536 2139 595 2196 diei
624 2157 711 2196 mane
738 2139 890 2214 tripartito
919 2139 1031 2198 milites

152 2219 328 2294 equitesque
349 2220 378 2276 iu
400 2219 619 2295 expeditionem
641 2219 731 2287 misit,
748 2226 782 2276 ut
800 2236 861 2289 eos,
878 2219 927 2294 qui
949 2219 1032 2293 iuge·

152 2305 230 2368 rant,
246 2307 503 2374 persequerentur.
547 2298 608 2355 Hi's
630 2298 816 2374 aliquantum
837 2299 953 2355 itineris
966 2316 1032 2373 pro

152 2379 277 2452 gressis
289 2397 357 2436 cum
366 2379 431 2452 jam
443 2378 567 2435 extremi
578 2385 679 2434 essent
690 2379 721 2434 in
731 2383 900 2452 prospectu,
913 2378 1029 2452 equites
1045 2381 1082 2438 25

153 2476 172 2514 a
188 2459 302 2530 Quinto
325 2457 413 2515 Atrio
435 2459 472 2514 ad
495 2457 644 2516 Gaesarem
667 2463 822 2527 venerunt,
838 2457 889 2532 qui
909 2458 1031 2514 nuncia-

152 2543 227 2607 rent,
252 2538 403 2612 superiore
431 2533 527 2606 nucte',
553 2537 686 2593 maxima
714 2543 817 2594 coorta
836 2541 1028 2611 tempestate,
1118 2551 1120 2554 ’

152 2634 243 2692 prope
275 2633 379 2674 omnes
401 2635 495 2674 naves
512 2615 636 2673 afflictas
659 2623 747 2690 atque
763 2617 799 2672 in
818 2616 905 2673 litore
920 2618 1030 2690 ejectas

150 2713 238 2770 esse;
270 2697 350 2770 quod
378 2714 473 2770 neque
502 2712 617 2753 ancorae
645 2696 789 2770 funesque
819 2695 1026 2765 subsisterent,

152 2793 247 2850 neque
270 2781 369 2833 nautae
390 2775 665 2849 gubernatoresque
682 2775 742 2830 vim
763 2775 825 2849 pati
839 2776 1028 2850 tempestatis
1044 2778 1081 2835 30

151 2861 294 2928 possent:
325 2855 426 2929 itaque
449 2873 486 2912 ex
508 2871 543 2911 eo
566 2872 712 2912 concursu
736 2854 858 2910 navium
884 2872 1028 2930 magnum
1074 2876 1078 2882 ·

150 2951 218 2992 esse
233 2933 456 2991 incommodum
473 2939 637 3008 acceptum.

194 3014 238 3072 11.
262 3012 321 3070 His
337 3014 426 3071 rebus
437 3013 575 3088 cognitis,
588 3012 687 3071 Caesar
701 3012 836 3087 legiones
847 3013 1029 3086 equitatum-

150 3110 207 3168 que
229 3093 363 3150 revocari
386 3099 475 3168 atque
498 3093 529 3150 in
551 3093 656 3150 itinere
676 3093 817 3149 resistere
834 3092 937 3166 jubet:
963 3093 1027 3169 ipse

151 3171 189 3228 ad
218 3189 313 3230 naves
338 3175 516 3230 revertitur:
547 3173 653 3229 eadem
678 3172 748 3240 fere,
771 3190 836 3246 queo
856 3189 892 3228 ex
908 3173 1026 3229 nunciis
1041 3173 1077 3230 35

150 3250 319 3326 litterisque
335 3258 525 3326 cognoverat,
541 3269 641 3309 coram
662 3251 812 3326 perspicit,
828 3251 870 3307 sic
885 3256 919 3307 ut
940 3252 1028 3308 amis-

150 3331 193 3388 sis
208 3331 327 3389 circiter
339 3332 541 3406 quadraginta
551 3331 687 3399 navibus
700 3331 819 3404 reliquae
830 3336 932 3390 tamen
947 3329 1026 3387 reiioi

149 3428 239 3486 posse
261 3429 373 3484 magno
396 3412 517 3485 negotio
539 3411 719 3468 viderentur.
763 3410 871 3483 Itaque
886 3427 922 3466 ex
937 3409 1029 3483 legio-

150 3489 239 3548 nibus
254 3491 355 3548 fabros
376 3491 489 3565 delegit
509 3497 591 3548 etex
612 3489 778 3548 continenti
793 3488 868 3544 alios
890 3489 1027 3545 arcessiri
