2548 3774
473 300 586 348 mane
610 299 785 357 orrares.
1034 284 1095 352 107

161 451 263 509 omnia
290 450 322 507 in
352 450 479 509 victoria
505 450 606 526 posita
633 451 848 508 existimarent.
891 449 989 508 Erant
1011 455 1043 508 et

162 532 273 588 virtute
288 536 319 588 et
334 547 458 588 numero
469 531 634 606 pugnando
649 547 737 605 pares
751 530 854 600 nostri,
865 530 987 588 tametsi
1004 529 1042 588 ab

163 611 235 668 duee
250 615 282 668 et
296 629 314 667 a
329 611 450 667 fortuna
464 610 687 681 deserebantur,
703 616 806 667 tamen
824 627 942 667 omnem
958 626 1041 684 spem

162 690 269 748 salutis
285 687 315 746 in
328 690 439 747 virtute
453 690 613 766 ponebant,
621 695 652 746 et
666 689 786 764 quoties
798 706 921 764 quaque
933 689 1041 747 cohors

161 774 356 845 procurreret,
373 769 411 826 ab
431 787 467 826 ea
487 775 572 844 parte
593 787 723 843 magnus
745 768 877 826 hostium
899 786 1042 827 numerus
1075 771 1093 828 d

161 849 295 906 cadebat.
327 849 440 922 Quare
456 849 669 906 animadversa
681 848 841 905 Ambiorix
849 848 1042 922 pronunciari

163 928 258 1002 jubet,
274 934 309 985 ut
333 929 436 1004 procul
459 928 521 986 tela
542 928 713 1001 conjiciant,
737 945 796 985 neu
816 928 939 1002 propius
963 946 1043 986 acce·

161 1009 242 1079 dont,
258 1013 290 1065 et
304 1025 395 1083 quam
410 1008 440 1064 in
454 1012 573 1083 partem
589 1007 720 1065 Romani
743 1007 889 1082 impetum
904 1006 1038 1077 fecerint,

160 1089 270 1145 eedant
281 1087 420 1160 (levitate
433 1105 583 1144 armorum
599 1093 629 1145 et
639 1086 813 1162 quotidiano
827 1086 1041 1145 exercitatione

161 1167 234 1225 nihil
250 1167 287 1224 iis
302 1168 401 1225 noceri
416 1171 531 1245 posse),
541 1184 645 1224 rursus
660 1184 692 1225 se
707 1166 746 1223 ad
761 1166 850 1241 signa
864 1166 1041 1242 recipientes
1058 1167 1094 1224 10

161 1247 368 1322 insequantur.

199 1331 246 1385 35.
271 1326 339 1400 Quo
352 1332 502 1403 praeopto
517 1326 555 1384 ab
569 1326 606 1383 iis
621 1324 852 1400 diligentissime
868 1324 1038 1395 observato,

161 1423 226 1463 cum
241 1406 390 1482 quaepiam
405 1406 513 1463 cohors
533 1423 570 1462 ex
589 1406 659 1464 orbe
680 1411 850 1462 excesserat
874 1411 965 1479 atque
986 1405 1041 1461 im·

160 1492 263 1560 petum
280 1485 398 1555 fecerat,
414 1485 517 1542 hostes
539 1484 726 1543 velocissime
748 1485 945 1559 refugiebant.
989 1484 1039 1541 In·

161 1565 249 1622 terim
263 1583 331 1622 eam
351 1571 469 1638 partem
484 1564 590 1621 nudari
608 1582 729 1622 neeesse
751 1572 816 1622 erat
836 1569 867 1621 et
888 1564 927 1621 ab
948 1563 1092 1621 latere15

162 1649 265 1719 aperto
280 1645 342 1702 tela
356 1645 454 1720 recipi.
485 1645 613 1713 Rursus
627 1662 695 1701 oum
710 1644 740 1700 in
755 1662 823 1701 eum
838 1644 946 1712 locum,
960 1643 1039 1700 unde

161 1730 249 1781 erant
262 1724 385 1798 egressi,
402 1722 512 1781 reverti
526 1730 687 1798 coeperant,
703 1730 735 1781 et
756 1725 795 1781 ab
810 1723 856 1793 iis,
872 1724 925 1798 qni
945 1740 1040 1780 cesse-

161 1810 237 1873 rant,
260 1809 292 1861 et
313 1803 350 1860 ab
371 1803 418 1874 lie,
434 1803 485 1878 qni
506 1803 634 1878 proximi
655 1808 811 1873 steterant,
827 1802 1041 1860 circumvenio·
1137 1869 1139 1874 ,

162 1883 273 1940 bantur
284 1904 298 1956 ;μ
313 1883 361 1940 sin
376 1889 475 1939 eutem
496 1883 595 1940 locum
609 1889 709 1940 tencre
726 1883 846 1953 vellent,
864 1900 918 1939 nec
932 1882 1039 1939 virtuti

161 1962 245 2020 loeus
261 1963 492 2038 relinquebatur,
505 1980 599 2037 neque
616 1963 653 2019 ab
665 1968 752 2019 tanta
766 1962 959 2019 multitudine
972 1979 1039 2018 con·
1053 1963 1090 2019 20

161 2043 244 2115 jecta
265 2041 325 2099 tela
347 2042 471 2099 conferti
488 2041 583 2099 vitare
597 2047 746 2117 poterant.
790 2042 905 2099 Tamen
926 2047 974 2099 tot
998 2041 1041 2097 in-

162 2122 329 2180 commodis
360 2120 531 2192 conflietati,
561 2121 667 2178 multis
694 2121 868 2178 vulneribus
897 2121 1038 2196 acceptis,

163 2201 346 2259 resistebant
367 2206 398 2258 et
418 2218 531 2275 magna
552 2207 638 2275 porte
652 2201 713 2258 diei
734 2206 921 2274 consumpta,
937 2218 1040 2258 cuma

162 2281 261 2354 prima
284 2281 350 2338 luce
376 2281 414 2338 ad
436 2280 542 2339 horam
570 2285 709 2338 octavam
732 2286 927 2356 pugnaretur,
953 2279 1037 2350 nihil,

163 2355 343 2436 quod'ipsis
371 2365 453 2417 esset
477 2359 645 2434 indignum,
674 2361 910 2418 committebant.
961 2360 1040 2417 Tum
1055 2361 1092 2416 25

163 2439 233 2498 Tito
256 2439 427 2509 Bolventio,
443 2440 493 2514 qui
518 2439 669 2514 superiore
692 2457 770 2496 anno
792 2441 922 2514 primum
943 2439 1039 2513 pilum

163 2519 298 2590 duxerat,
312 2519 377 2576 viro
391 2518 461 2576 forti
476 2523 507 2576 et
521 2536 640 2592 maguae
662 2519 862 2588 auctoritatis,
878 2525 1039 2594 utrumque

163 2598 259 2655 fomur
272 2598 395 2672 tragula
408 2598 600 2671 transjicitur.
640 2598 771 2671 Quintus
793 2598 955 2668 Luranius
965 2599 1042 2672 ejus·

164 2678 232 2734 dem
255 2677 376 2746 ordinis
392 2677 556 2734 fortissime
577 2695 727 2753 pugnans,
744 2678 815 2734 dum
836 2679 1040 2734 circumvento

163 2755 222 2814 filio
256 2757 405 2827 subvenit,
433 2755 624 2816 interficitur:
660 2755 772 2814 Lucius
801 2756 893 2815 Ootta
920 2757 1040 2831 legatus
1055 2757 1093 2814 30

163 2853 266 2894 omnes
281 2837 421 2895 cobortes
435 2837 614 2912 ordinesque
637 2835 803 2894 adhortans
826 2837 856 2893 in
880 2837 1040 2894 adversum

164 2933 198 2973 os
213 2916 308 2974 funda
322 2916 506 2974 vulneratur.

203 2999 251 3054 36.
277 2996 336 3053 His
357 2996 448 3052 rebus
473 3001 629 3070 permotus
651 2995 783 3069 Quintus
804 2995 948 3063 Titurius,
972 3012 1040 3052 cum

162 3075 265 3150 procul
280 3075 488 3149 Ambiorigem
504 3091 576 3132 suos
592 3074 800 3132 cohortantem
823 3075 1038 3149 conspexisset,
1130 3098 1132 3103 ·

53 3203 56 3212 .
163 3155 355 3230 interpretem
373 3171 461 3211 suum
472 3154 598 3212 (lucium
614 3154 791 3228 Pompeium
808 3155 844 3211 ad
860 3173 928 3212 eum
944 3154 1040 3211 mittit
1055 3155 1092 3211 35

162 3239 311 3309 rogatum,
324 3250 359 3291 un
370 3233 429 3291 sibi
441 3234 646 3308 militibusque
661 3239 773 3307 porcat.
803 3235 859 3291 Ille
870 3233 1039 3309 appellatus

162 3314 335 3388 respondit:
379 3314 405 3371 si
420 3302 494 3370 ierit
509 3330 609 3370 secum
625 3313 762 3388 colloqui,
778 3313 867 3370 licere
880 3334 887 3386 ;
909 3330 1037 3388 sperare,

162 3411 180 3452 a
195 3393 391 3451 multitudine
404 3393 557 3468 impetrari
570 3409 668 3466 posse,
678 3392 759 3468 quod
771 3393 809 3449 ad
821 3393 949 3450 militum
961 3392 1040 3449 salu-

162 3481 222 3534 tem
236 3473 405 3550 pertineat5
419 3471 477 3547 ipsi
487 3487 558 3530 vero
572 3471 647 3528 nihil
661 3472 795 3530 nocitum
810 3472 855 3542 iri,
867 3472 957 3546 inquo
972 3487 1038 3528 eam
