2524 3776
147 314 189 381 68
417 328 464 375 nn
489 327 610 375 senno
637 326 814 376 cannino.

199 479 274 538 nihil
299 478 346 538 his
369 479 460 537 rebus
481 477 584 554 profici
603 495 693 553 posse
716 477 938 549 intellexerunt,
964 479 1083 555 legatos

201 561 239 618 ad
265 560 410 619 Crassum
434 559 562 616 mittunt
590 575 682 633 seque
711 558 742 615 in
771 558 957 616 deditionem
983 567 1017 616 ut
1040 577 1083 617 re·

201 641 294 716 cipiat
308 645 423 717 petunt.
461 639 528 712 Qua
539 657 571 696 re
583 638 747 714 impetrata
769 656 854 696 arma
865 639 984 697 tradere
1001 641 1014 714 j
1019 641 1082 698 ussi

201 720 323 778 faciunt.

168 801 185 858 5
241 803 287 858 22.
310 799 414 875 Atque
439 798 471 855 in
491 817 528 856 ea
548 816 580 856 re
603 798 739 856 omnium
762 803 935 856 nostrorum
959 798 1083 857 intentis

201 881 321 951 animia,
338 880 397 937 alia
419 897 457 936 ex
478 885 564 954 parte
587 879 691 954 oppidi
714 879 919 949 Adiatunnus
933 879 984 953 qui
1005 896 1084 935 snm-

201 979 282 1018 mam
304 959 424 1035 imperii
445 958 577 1029 tenebat,
600 977 667 1016 cum
689 959 839 1016 sexcentis
861 959 990 1029 devotis,
1007 977 1083 1033 quos

202 1041 246 1098 illi
272 1039 422 1098 soldurios
446 1037 601 1114 appellant
627 1039 770 1114 (quorum
793 1038 855 1096 haec
873 1044 920 1095 est
941 1039 1082 1109 conditio

202 1121 247 1178 uti
263 1120 402 1178 omnibus
420 1119 451 1175 in
463 1119 529 1176 vita
544 1117 710 1176 commodis
722 1135 782 1175 una
797 1135 865 1174 oum
878 1117 926 1175 his
937 1119 1083 1188 fruantur,

152 1205 185 1262 10
203 1218 330 1276 quorum
345 1217 378 1258 se
400 1199 541 1256 amicitia
562 1197 750 1271 dediderint3
772 1197 797 1254 si
813 1198 886 1273 quid
902 1198 939 1256 iis
954 1216 1006 1274 per
1021 1199 1084 1255 vim

203 1281 331 1351 accidat,
358 1285 412 1337 aut
440 1280 569 1336 eundem
596 1296 702 1336 casum
730 1295 792 1335 una
817 1279 916 1336 ferant
948 1283 1002 1336 aut
1027 1279 1085 1336 sibi

203 1367 332 1419 mortem
347 1359 553 1417 consciscant:
575 1376 672 1433 neque
688 1356 787 1416 adhuc
805 1357 960 1416 hominum
975 1375 1086 1416 memo-

202 1441 249 1498 ria
269 1446 406 1516 repertus
427 1445 475 1497 est
494 1438 664 1514 quisquam,
681 1437 732 1513 qui
757 1455 793 1496 eo
819 1438 976 1496 interfecto
1001 1440 1086 1513 cujus

204 1539 236 1578 se
258 1520 399 1578 amicitiae
413 1519 598 1588 devovisset,
611 1524 739 1576 mortem
759 1519 937 1591 recusaret),
954 1537 1021 1576 enm
1038 1519 1086 1576 his

153 1609 188 1666 15
204 1601 400 1659 Adiatunnus
420 1599 609 1674 eruptionem
624 1598 721 1656 facere
739 1604 876 1668 conatus,
893 1598 1023 1657 clamore
1046 1599 1086 1656 ab

204 1699 240 1739 ea
260 1687 346 1758 parte
367 1679 545 1736 munitionis
570 1679 698 1747 sublate,
715 1695 782 1735 oum
805 1678 843 1735 ad
866 1695 950 1735 arma
975 1679 1087 1736 milites

204 1761 428 1820 concurrissent
459 1758 712 1833 vehementerque
738 1757 779 1814 ibi
802 1765 972 1832 pugnatum
996 1764 1086 1829 esset,

204 1843 344 1918 repulsus
367 1840 398 1897 in
421 1839 574 1914 oppidum,
597 1843 699 1895 tamen
723 1838 769 1894 uti
792 1837 899 1895 eadem
923 1838 1088 1896 deditionis

206 1922 377 1980 conditione
392 1925 535 1988 uteretur,
552 1917 589 1975 ab
606 1917 718 1976 Crasso
733 1917 916 1991 impetravit.

153 2010 191 2066 20
248 2005 293 2059 23.
317 2000 422 2057 Armis
437 1998 653 2072 obsidibusque
666 1998 798 2072 acceptis
821 1996 951 2055 Crassus
967 1997 998 2054 in
1014 1997 1088 2055 fines

205 2081 369 2138 Vocatium
391 2086 421 2137 et
437 2077 634 2137 Tarusatium
654 2077 808 2152 proiectus
822 2083 877 2135 est.
921 2076 999 2134 Tum
1017 2096 1088 2135 vero

205 2161 327 2218 barbari
349 2158 501 2228 commoti,
524 2157 603 2233 quod
625 2157 771 2232 oppidum
796 2161 827 2214 et
848 2163 958 2215 natura
979 2157 1037 2216 loci
1057 2163 1089 2216 et

206 2258 299 2298 manu
321 2239 481 2308 munitum,
505 2238 610 2312 paneis
632 2237 748 2307 diebus
773 2237 883 2312 quibus
904 2255 940 2294 eo
964 2244 1087 2296 ventum

207 2326 280 2391 erat,
296 2323 505 2393 expugnatum
527 2322 741 2392 cognoverant,
762 2316 882 2391 legatos
904 2335 1089 2392 quoquever-

155 2405 191 2461 25
208 2417 260 2456 sus
284 2399 444 2467 dimittere,
455 2399 619 2472 conjurare,
630 2397 751 2454 obsides
763 2397 885 2454 intense
897 2396 977 2466 dare,
988 2399 1089 2473 copias

207 2497 313 2554 parare
328 2483 490 2553 coeperunt.
535 2477 702 2534 Mittuntur
717 2477 810 2535 etiam
826 2477 863 2534 ad
878 2494 932 2534 eas
946 2477 1089 2536 civitates

207 2558 310 2633 legati,
326 2576 392 2633 quae
407 2562 478 2614 sunt
493 2557 643 2615 citerioris
659 2555 827 2630 Hispaniae,
843 2556 979 2614 finitimae
995 2557 1090 2632 Aqui-

208 2639 316 2697 taniae:
338 2637 408 2694 inde
424 2637 538 2694 auxilia
549 2637 698 2712 ducesque
715 2642 916 2695 arcessuntur.
954 2635 1089 2708 Quorum

209 2719 342 2777 adventu
358 2735 550 2791 magnacum
562 2717 742 2774 auctoritate
757 2721 788 2773 et
798 2733 987 2790 magnacum
997 2716 1091 2775 homi·

156 2802 193 2859 30
208 2817 280 2856 num
306 2797 499 2854 multitudine
527 2796 640 2854 bellum
661 2814 764 2870 gerere
787 2801 943 2855 conantur.
988 2796 1091 2856 Duces

209 2897 280 2936 vero
305 2879 326 2934 ii
352 2877 536 2950 deliguntur,
563 2876 614 2952 qui
641 2894 702 2932 una
727 2893 795 2933 cum
821 2875 935 2948 Quinto
956 2875 1091 2936 Sertorio

208 2976 314 3016 omnes
342 2974 437 3015 annos
465 2957 584 3013 inerant
622 2973 831 3030 summamque
862 2956 1020 3014 scientiam
1048 2958 1090 3015 rei

208 3037 350 3095 militaris
371 3037 481 3094 habere
503 3036 763 3093 existimabantur.
808 3034 850 3092 Hi
872 3037 1091 3095 consuetudine

210 3118 314 3192 populi
336 3117 469 3174 Romani
490 3115 556 3173 loca
578 3133 692 3188 capere,
708 3119 808 3172 castra
823 3115 948 3184 munire,
965 3134 1092 3174 comme·

158 3199 194 3256 35
211 3198 312 3254 atibus
337 3201 456 3253 nostros
485 3195 682 3252 intercludere
711 3195 883 3252 instituunt.
928 3195 1017 3268 Quod
1038 3197 1091 3254 ubi

213 3275 342 3334 Crassus
364 3275 587 3344 animadvertit,
604 3291 675 3331 suas
690 3273 792 3349 copias
808 3279 931 3349 propter
944 3276 1092 3350 exiguita-

210 3361 273 3412 tem
294 3373 355 3412 non
376 3354 461 3411 facile
482 3354 592 3424 diduci,
609 3353 728 3412 hostem
747 3358 779 3411 et
792 3355 900 3428 vagari
914 3360 946 3413 et
960 3355 1028 3414 vias
1042 3356 1093 3414 ob·

213 3435 311 3492 sidere
332 3438 363 3490 et
378 3433 486 3490 castris
508 3434 583 3490 setis
603 3432 735 3509 praesidii
756 3433 943 3509 relinquere;
965 3436 1091 3494 obeam

213 3531 334 3572 causam
350 3513 450 3570 nrinns
465 3513 619 3571 commode
634 3514 817 3571 frumentum
830 3521 1093 3590 commeatumque
