2548 3774
168 279 212 343 98
447 296 494 343 ns
521 297 638 344 nanno
664 296 837 344 onumen.

223 447 398 505 amiserunt.
441 447 487 506 At
508 447 562 517 illi,
584 446 758 507 intermisso
780 445 889 521 spatie,
911 445 1105 520 imprudenti-

223 528 281 585 bus
295 528 407 584 nostris
422 535 455 584 at
477 545 514 584 ue
529 527 682 603 occupatis
698 527 729 582 in
744 526 912 583 munitione
928 533 1104 597 castrorum,

224 607 325 664 subito
341 624 373 663 se
388 624 424 664 ex
440 546 527 663 silvis
542 609 700 680 ejecerunt,
714 607 886 680 impetuque
902 605 1000 662 ineos
1015 607 1104 675 facto,

226 687 385 762 quierant
411 687 442 742 in
468 687 599 743 statione
622 703 677 760 pro
702 685 810 742 castris
836 685 982 756 collocati,
998 685 1105 742 acriter

176 768 210 824 -5
226 772 457 842 pugnaverunt;
473 766 650 840 duabusque
662 765 764 822 missis
779 765 914 821 subsidio
929 764 1105 822 cohortibus

226 848 379 905 aUeesare
402 851 492 920 atque
514 845 562 902 his
583 844 689 920 primis
710 844 863 918 legionum
884 844 1020 914 duarum,
1037 862 1104 900 cum

226 926 272 982 hae
295 925 459 1000 perexiguo
482 925 656 981 intermisso
678 924 776 999 spatio
798 925 877 981 inter
899 941 931 980 se
954 923 1105 980 constitis-

225 1010 302 1075 sent,
319 1022 397 1062 novo
414 1023 521 1079 genere
536 1021 646 1080 pugna
661 1003 829 1078 perterritis
843 1003 964 1074 nostris,
979 1020 1032 1078 per
1046 1021 1106 1060 rne-

225 1085 292 1141 dios
314 1085 514 1141 audacissime
529 1089 728 1160 perruperunt
748 1100 840 1158 seque
855 1083 924 1140 inde
938 1083 1105 1140 incolumes

174 1168 209 1226 10
224 1170 409 1238 receperunt.
447 1163 493 1220 Eo
507 1165 555 1221 die
571 1165 706 1238 Quintus
720 1163 869 1220 Laberius
884 1163 995 1232 Durus,
1011 1162 1105 1219 tribu·

226 1260 284 1300 nus
312 1243 451 1313 militum,
478 1243 661 1301 interficitur.
704 1242 755 1301 Illi
782 1243 918 1319 pluribus
943 1242 1104 1300 submissis

225 1322 400 1381 cohortibus
415 1323 606 1398 repelluntur.

266 1404 309 1459 16.
333 1403 411 1460 'Poto
433 1402 488 1460 hoc
510 1404 541 1459 in
562 1420 671 1476 genere
691 1419 809 1477 pugnae,
832 1419 899 1459 cum
928 1401 985 1458 sub
1009 1400 1104 1458 oculis

224 1482 359 1538 omnium
382 1500 416 1539 ae
436 1499 490 1557 pro
506 1483 613 1539 eastris
635 1482 837 1552 dimicaretur,
854 1481 1041 1549 intellectum
1056 1489 1104 1538 est

174 1569 208 1626 15
223 1567 343 1618 nostros
364 1569 485 1636 propter
506 1562 689 1636 gravitatem
718 1578 879 1631 armorum,
902 1561 983 1636 quod
1006 1578 1103 1636 neque

224 1640 340 1715 insequi
356 1642 496 1698 cedentes
516 1647 641 1716 possent
665 1659 760 1715 neque
784 1641 822 1697 ab
837 1640 934 1712 signis
949 1640 1102 1697 discedere

225 1721 380 1790 auderent,
391 1721 492 1778 minus
508 1728 596 1794 aptos
608 1738 674 1777 esse
689 1721 727 1776 ud
741 1720 828 1794 hujus
839 1720 957 1794 generis
969 1719 1103 1794 hostem

223 1800 341 1874 equites
357 1806 459 1856 autem
474 1818 585 1874 magno
600 1818 667 1857 enm
683 1800 815 1875 periculo
829 1799 934 1874 proelio
949 1799 1101 1872 dimicare,

222 1885 384 1953 propterea
398 1879 477 1954 quod
499 1880 542 1935 illi
557 1880 649 1937 etiarn
671 1879 807 1936 consulto
826 1878 999 1955 plerumque
1021 1880 1103 1936 cede·

171 1967 208 2022 10
224 1965 298 2028 rent,
315 1965 427 2016 etcum
443 1959 567 2032 paulum
583 1959 620 2015 ab
635 1959 803 2033 legionibus
825 1965 944 2016 nostros
960 1960 1103 2016 removis-

223 2044 298 2107 sent,
315 2057 352 2095 ex
366 2039 482 2095 essedis
504 2039 659 2095 desilirent
673 2039 844 2113 etpedibus
865 2039 977 2113 dispari
995 2038 1102 2114 proelio

222 2119 445 2175 contenderent.
490 2119 650 2194 Equestris
672 2125 773 2175 autem
795 2117 893 2191 proelii
915 2119 992 2175 ratio
1013 2125 1045 2176 et
1059 2137 1103 2176 ce·

224 2197 366 2254 dentibus
380 2203 411 2254 et
426 2197 654 2272 insequentibus
669 2215 724 2273 par
735 2205 824 2273 atquc
840 2197 919 2254 idern
934 2198 1101 2272 perieulum

222 2274 377 2334 inferebat.
420 2278 596 2334 Accedebat
624 2277 690 2347 hue,
720 2283 754 2334 ut
781 2295 934 2352 nunquam
965 2278 1100 2348 conferti,

170 2361 206 2418 25
223 2356 275 2412 sed
303 2357 363 2412 rari
392 2358 572 2432 magnisque
602 2357 769 2414 intervallis
797 2357 1014 2432 proeliarentur,
1044 2364 1101 2415 sta·

222 2436 378 2510 tionesque
393 2437 557 2511 dispositas
580 2436 732 2507 haberent,
749 2443 838 2511 atque
859 2437 934 2494 alios
950 2437 1000 2493 alii
1022 2437 1102 2494 dein-

222 2532 293 2588 ceps
314 2517 493 2590 exciperent,
516 2517 684 2592 integrique
709 2523 741 2574 et
763 2522 898 2574 recentes
924 2516 1101 2591 defatigatis

223 2595 424 2652 succederent.
769 2666 770 2669 Ἴ

263 2677 306 2734 17.
331 2674 458 2731 Postero
473 2675 520 2732 die
535 2675 639 2750 procul
655 2694 672 2732 a
686 2675 794 2732 eastris
811 2674 914 2732 hostes
929 2675 959 2731 in
974 2675 1101 2733 collibus

170 2758 207 2814 30
222 2754 431 2823 constiterunt,
456 2756 573 2830 rarique
597 2773 629 2812 se
656 2755 813 2812 ostendere
834 2761 865 2812 et
886 2754 992 2823 lenius,
1009 2774 1100 2830 quam

221 2833 325 2908 pridie,
351 2839 471 2890 nostros
494 2835 611 2908 equites
635 2835 738 2910 proelio
768 2835 914 2892 lacessere
938 2843 1098 2909 coeperunt.

223 2911 281 2969 Sed
297 2913 431 2983 meridie,
448 2931 517 2969 curn
533 2913 635 2971 Oaesar
649 2913 813 2988 pabulandi
829 2931 921 2970 eausa
935 2921 997 2971 tres
1011 2913 1101 2988 legio·

221 3009 275 3048 nes
300 2998 389 3068 atque
419 3001 538 3049 omnem
566 2993 733 3068 equitatum
757 3011 825 3050 curn
850 2993 925 3052 Oaio
950 2993 1100 3051 Trebonio

221 3072 321 3145 legato
349 3072 493 3142 misisset,
520 3078 640 3147 repente
668 3089 705 3128 ex
733 3073 874 3130 omnibus
896 3073 1032 3147 partibus
1062 3073 1100 3132 ad

171 3155 205 3209 35
221 3151 414 3224 pabulatores
436 3151 662 3222 advolaverunt,
679 3152 721 3208 sic
737 3153 782 3208 uti
798 3153 836 3209 ab
858 3153 955 3226 signis
976 3152 1099 3228 legioni·

222 3228 335 3301 busque
356 3247 417 3285 non
442 3230 630 3287 absisterent.
673 3229 777 3287 Nostri
801 3232 908 3288 acriter
929 3232 959 3288 in
981 3250 1033 3289 eos
1048 3233 1098 3288 irn-

220 3315 293 3378 petn
321 3307 400 3363 facto
425 3308 606 3382 repulerunt,
623 3327 718 3382 neque
743 3310 831 3366 linem
855 3312 1000 3386 sequendi
1027 3312 1097 3369 feee-

221 3391 300 3452 runt,
327 3387 425 3458 quoad
454 3387 587 3444 subsidio
610 3387 714 3444 confisi
735 3390 861 3463 equites,
887 3408 955 3447 curn
976 3396 1046 3466 post
1067 3408 1099 3448 se

221 3461 356 3534 legiones
378 3464 523 3534 viderent,
538 3465 705 3539 praccipites
727 3466 831 3524 hostes
851 3479 996 3542 egerunt3
1018 3487 1097 3544 mag·

1272 1103 1273 1142 l

1271 1145 1273 1184 l
