2548 3774
457 322 578 370 ,arana
601 322 787 381 conanus.
1055 303 1096 370 88

165 471 309 530 onerariae
324 489 426 544 naves,
442 491 508 549 quae
522 491 559 531 ex
573 491 609 532 ec
623 473 690 532 loco
704 474 742 531 ab
760 471 884 530 milibus
898 488 1044 547 passuum

165 557 235 609 octo
252 558 342 609 vento
363 555 551 623 tenebantur,
570 572 628 630 quo
652 554 753 612 minus
775 553 807 610 in
829 553 958 609 eundem
980 567 1045 627 por·

166 637 231 688 tum
253 633 410 707 pervenire
432 639 564 709 possent.
609 634 676 690 Has
696 633 849 708 equitibus
870 631 1045 704 distribuit;

165 711 313 786 reliquum
328 714 491 771 exercitum
510 713 623 786 Quinto
639 713 757 770 'l'iturio
779 712 890 771 Sabino
905 717 936 769 et
951 710 1045 768 Lucio

165 791 372 848 Aurunculeio
398 793 514 862 Cottae,
528 793 638 867 legatis
666 793 696 850 in
720 792 880 868 Menapios
902 798 992 866 atque
1014 790 1046 847 in
1079 790 1098 850 5

166 887 218 928 eas
233 889 330 946 pagos
346 871 541 942 Morinorum,
558 874 595 930 ab
617 873 726 948 quibus
740 873 779 930 ad
793 891 862 929 oum
876 872 969 946 legati
985 887 1044 928 nou

166 958 322 1021 venerant,
345 951 552 1010 deducendum
577 952 668 1010 dedit.
712 952 852 1010 Publium
881 951 1045 1026 Sulpitiuur

166 1030 284 1090 Rufum
312 1030 457 1106 legatum,
477 1050 544 1090 cum
566 1050 602 1090 eo
621 1031 762 1108 praesidio
783 1032 863 1108 quod
884 1031 959 1088 satis
979 1047 1046 1088 esse

166 1110 378 1181 arbitrabatur,
393 1119 512 1187 portum
529 1119 629 1169 tenere
640 1112 741 1186 jussit.

210 1192 255 1247 23.
286 1190 346 1248 His
374 1192 547 1250 constitutis
576 1191 673 1262 robus,
703 1198 810 1248 nactus
837 1190 978 1248 idoneam
1007 1188 1045 1246 ad
1063 1190 1098 1248 10

166 1270 373 1346 navigandum
388 1278 610 1346 tempestatem,
626 1271 717 1329 tortia
738 1271 798 1329 fere
815 1271 921 1345 vigilia
942 1269 1044 1340 solvit,

166 1350 345 1425 equitesque
367 1351 396 1408 in
412 1352 583 1409 ulteriorem
606 1359 726 1426 portum
742 1351 881 1427 progredi
906 1357 937 1408 et
952 1367 1046 1407 navos

166 1431 367 1488 conscendere
390 1438 420 1488 ct
435 1449 467 1489 se
484 1432 567 1508 sequi
585 1432 696 1506 jussit:
719 1431 859 1507 aquibus
874 1448 941 1488 cum
956 1429 1047 1505 paulo

167 1509 285 1567 tardius
305 1517 387 1568 esset
402 1512 656 1579 administratum,
674 1511 736 1586 ipse
759 1510 832 1568 hora
849 1510 908 1568 diei
930 1510 1047 1568 circiter

166 1596 276 1664 quarta
290 1591 474 1666 cumprimis
486 1592 616 1649 navibus
628 1591 817 1648 Britanniam
833 1589 937 1665 attigit
955 1596 1046 1665 atque
1063 1589 1098 1647 15

167 1669 209 1724 ibi
239 1669 269 1726 in
297 1670 436 1728 omnibus
464 1671 590 1728 collibus
611 1671 764 1746 expositas
788 1670 921 1728 hostium
943 1670 1062 1744 copias·

167 1755 302 1806 armatas
331 1751 494 1827 conspexit.
539 1751 633 1826 Cujus
661 1750 718 1808 loci
748 1750 811 1808 haec
835 1755 901 1807 erat
922 1755 1046 1806 natura:

167 1835 259 1904 atquc
288 1829 331 1887 ita
358 1831 514 1888 montibus
542 1830 682 1905 angustis
709 1848 791 1889 mare
825 1829 1045 1899 continebatur,

166 1909 213 1965 uti
235 1927 272 1966 ex
294 1908 368 1968 locis
390 1910 595 1985 superioribus
616 1911 648 1966 in
670 1909 744 1968 litus
768 1910 861 1967 telum
881 1910 964 1984 adigi
979 1926 1047 1983 pos-

166 1995 222 2046 set.
266 1989 357 2047 Hunc
382 1991 420 2048 ad
445 1990 660 2065 egrediendum
686 2006 875 2066 nequaquam
904 1990 1045 2048 idoneum
1062 1990 1100 2048 20

166 2068 267 2126 locum
294 2070 468 2141 arbitratus,
494 2070 565 2128 dum
589 2070 709 2145 reliqum
732 2087 826 2127 naves
848 2085 884 2126 eo
909 2068 1048 2127 conveni·

166 2154 243 2222 rent,
257 2149 295 2207 ad
311 2149 416 2207 horam
432 2168 542 2207 nonam
557 2151 588 2206 in
606 2150 724 2208 ancoris
734 2149 933 2225 exspectavit.
967 2148 1048 2206 Inte·

168 2228 225 2285 rim
248 2228 358 2304 legatis
373 2230 561 2305 tribunisque
582 2229 712 2287 militum
734 2228 916 2300 convocatis,
931 2232 963 2285 et
981 2244 1047 2303 qna

166 2325 206 2365 ex
221 2308 377 2367 Voluseno
392 2316 562 2385 cognosset,
578 2315 609 2367 et
623 2327 688 2385 quae
710 2308 772 2366 lieri
787 2309 886 2377 vellet,
902 2308 1045 2378 ostendit,

167 2389 344 2464 monuitque
360 2391 409 2466 (ut
430 2390 471 2447 rei
494 2389 635 2447 militaris
657 2388 742 2459 ratio,
757 2389 888 2446 maxime
906 2392 940 2444 ut
959 2389 1047 2445 mari·
1061 2387 1099 2446 25

167 2468 250 2526 timae
273 2486 322 2526 res
344 2469 542 2544 postularent,
559 2475 593 2527 ut
617 2487 682 2545 quae
704 2469 829 2526 celerem
852 2474 941 2543 atque
955 2467 1048 2524 insta·

168 2547 261 2605 bilem
289 2556 406 2606 motum
429 2549 598 2624 haberent),
623 2549 661 2607 ad
684 2555 790 2607 nutum
812 2555 843 2605 et
868 2547 905 2604 ad
927 2553 1047 2623 tempus

167 2645 273 2686 omnes
287 2647 336 2686 res
351 2629 441 2686 abiis
456 2629 748 2688 administrarentur.
785 2628 845 2685 His
859 2626 994 2685 dimissis
1015 2631 1047 2685 et

168 2713 293 2764 ventum
315 2714 347 2766 et
370 2714 478 2767 aestum
500 2725 561 2766 uno
583 2713 717 2784 tempore
740 2714 847 2765 nactus
869 2707 1044 2778 secundum,

168 2787 240 2844 dato
256 2789 345 2864 signo
359 2793 390 2846 et
401 2789 529 2846 sublatis
541 2789 666 2859 ancoris,
677 2787 796 2846 circiter
806 2787 890 2843 milia
899 2803 1045 2862 passuum
1060 2787 1098 2846 30

167 2872 286 2942 septem
301 2869 340 2925 ab
353 2886 390 2926 ec
405 2867 469 2926 loco
483 2885 660 2944 progressus
687 2873 790 2944 aperto
805 2884 839 2924 ac
853 2865 944 2942 plano
958 2866 1046 2924 litore

167 2964 262 3006 naves
277 2947 445 3006 constituit.

209 3030 254 3085 24.
278 3028 324 3085 At
335 3027 465 3095 barbari,
475 3027 601 3085 consilio
613 3027 821 3084 Romanorum
830 3025 960 3099 cognito,
972 3041 1046 3100 prce-

167 3107 262 3164 misso
277 3107 416 3182 equitatu
439 3125 471 3166 et
491 3106 660 3175 essedariis,
676 3123 734 3180 quo
748 3105 922 3180 plerumque
937 3121 1045 3178 genere

167 3186 198 3243 in
207 3186 320 3262 proeliis
329 3186 375 3245 uti
384 3193 574 3256 consuerunt,
582 3185 703 3261 reliquis
712 3184 964 3260 copiissubsecuti
980 3201 1046 3241 nos
1060 3185 1097 3242 35

167 3271 232 3324 tros
247 3266 376 3324 navibus
389 3267 492 3341 egredi
507 3265 715 3341 prohibebant.
759 3264 835 3322 Erat
855 3265 894 3321 ob
909 3263 964 3320 has
979 3280 1045 3320 eau-

156 3363 219 3403 ¹sas
233 3362 354 3403 summa
368 3345 538 3417 difficultas,
553 3345 634 3421 quod
654 3361 750 3401 naves
763 3348 884 3418 propter
898 3342 1047 3414 magnitu-

167 3425 279 3495 dinem,
289 3425 348 3482 nisi
362 3425 395 3482 in
411 3426 482 3498 alto,
493 3424 637 3483 constitui
652 3440 712 3480 non
726 3426 886 3497 poterant;
900 3419 1047 3476 militibus
1140 3467 1141 3470 ,
1170 3433 1173 3439 ’

158 3511 280 3578 autem,
302 3505 418 3581 ignotis
438 3505 522 3577 locis,
543 3502 697 3581 impeditis
717 3500 858 3558 manibus
882 3499 1047 3571 magnast
