2548 3774
171 281 232 347 138
452 297 499 345 nr
525 297 644 346 nunno
670 297 843 347 ssunreo.

216 448 338 523 lieeret3
369 448 486 506 nullum
514 449 667 524 ejusmodi
695 467 799 508 casum
826 453 1015 525 exspectans,
1044 462 1105 524 quo

217 546 327 587 novem
355 529 505 604 oppositis
533 530 705 606 legionibus
734 529 926 605 maximoque
954 529 1103 604 equitatu,

216 609 361 684 dispersis
383 627 418 666 eo
438 627 522 686 piene
544 610 653 668 deletis
674 609 824 679 hostibus,
840 609 871 666 in
892 609 1015 666 milibus
1037 625 1093 684 pas

217 706 307 747 suum
328 689 427 748 tribus
448 689 557 748 offendi
580 696 702 767 posset;
729 690 861 765 quinque
885 689 1025 755 cobortes
1046 689 1105 746 fru-

183 769 387 827 ementatum
408 770 440 826 in
461 770 615 844 proximas
629 776 750 846 segetes
764 770 869 840 mittit,
885 786 963 845 quos
980 769 1058 826 inter
1071 775 1104 826 et

217 856 318 907 cestre
345 867 424 906 unus
452 850 575 907 omnino
603 850 687 908 collis
716 850 868 908 intererat.
924 848 1104 925 Complures

217 934 304 988 erent
315 929 345 985 in
358 930 467 986 cestris
481 948 518 988 ex
534 930 705 1006 legionibus
716 931 790 1005 aegri
804 929 919 1003 relieti3
941 929 1102 1005 exquibus

218 1010 269 1085 qui
285 1009 342 1066 hoe
357 1009 455 1085 spatio
469 1010 586 1068 dierum
601 1010 827 1080 convaluerant,
844 1010 962 1067 eiroiter
975 1009 1103 1067 trecenti

218 1090 275 1146 sub
289 1089 402 1146 vexillo
422 1107 484 1147 una
505 1091 684 1148 mittuntur:
707 1108 820 1165 magna
837 1095 982 1166 praeterea
1002 1089 1103 1146 multi-

170 1172 203 1231 10
219 1168 293 1227 tudo
314 1169 463 1240 colonum,
479 1188 592 1246 magna
605 1171 652 1228 vis
669 1171 886 1245 jumentorum,
902 1187 969 1245 quae
986 1169 1018 1227 in
1039 1187 1103 1227 eas·

218 1250 275 1307 tris
290 1249 476 1321 subsederat,
494 1251 575 1308 loeta
588 1257 740 1327 potestate
756 1251 901 1326 sequitur.

259 1331 306 1391 37.
330 1329 399 1388 Hoo
422 1331 488 1406 ipso
509 1337 644 1406 tempore
665 1337 697 1389 et
718 1349 790 1388 essu
816 1330 959 1389 Germani
981 1327 1101 1403 equites

218 1407 426 1474 interveniunt
446 1411 644 1487 protinusque
664 1411 770 1469 eodem
793 1411 854 1481 illo,
870 1427 930 1486 quo
946 1414 1100 1480 venerant,

218 1506 308 1547 eursu
323 1490 360 1546 ab
375 1490 543 1548 decumana
556 1497 644 1566 porta
658 1490 689 1548 in
704 1497 804 1548 cestra
814 1491 979 1564 irrumpere
994 1506 1103 1546 eonon-

168 1574 203 1634 15
218 1575 285 1628 tur:
307 1587 361 1628 neo
383 1571 466 1645 prius
488 1576 559 1628 sunt
574 1571 632 1629 visi
653 1571 779 1646 objectis
794 1571 833 1628 eb
847 1589 884 1628 ee
903 1577 988 1646 parte
1004 1569 1101 1640 silvie,

218 1667 309 1725 quem
324 1649 432 1719 eastris
455 1651 741 1727 appropinquarent,
758 1669 853 1726 usque
868 1668 913 1720 eo,
929 1649 1029 1725 utqui
1045 1649 1103 1706 sub

219 1729 300 1787 vello
315 1731 475 1790 tenderent
489 1737 680 1802 mercatores,
692 1731 856 1805 reeipiendi
867 1730 915 1788 sui
927 1729 1103 1786 facultatem

219 1827 279 1867 non
302 1809 457 1869 haberent.
501 1811 700 1887 Inopinantes
721 1811 816 1868 nostri
838 1828 869 1868 re
888 1827 969 1866 nova
989 1815 1103 1884 pertur-

220 1889 331 1946 bantur
351 1907 386 1948 ee
401 1891 453 1949 vix
473 1891 604 1965 primum
626 1891 774 1968 impetum
796 1890 904 1948 cohors
921 1889 953 1946 in
968 1889 1102 1946 statione

166 1974 204 2033 20
220 1969 359 2029 sustinet.
405 1970 696 2029 Circumfunduntur
716 1989 753 2029 ex
773 1970 898 2046 reliquis
912 1969 1016 2026 hostes
1037 1986 1104 2042 per·

218 2049 311 2121 tibus,
346 2050 372 2108 si
401 2068 491 2124 quem
520 2051 638 2108 editum
666 2051 795 2126 reperire
829 2055 961 2126 possent.
1005 2048 1101 2123 AEgre

219 2136 322 2204 portes
337 2130 433 2189 nostri
448 2135 580 2201 tuentur,
597 2131 729 2206 reliquos
751 2130 852 2187 aditus
867 2130 952 2187 loeus
966 2129 1030 2205 ipse
1046 2145 1102 2204 per

218 2225 251 2266 se
265 2211 462 2286 munitioque
483 2211 626 2269 defendit.
671 2210 757 2268 Totis
786 2210 955 2286 trepidatur
983 2209 1100 2278 eastris-

221 2295 311 2364 etque
326 2291 405 2348 alius
420 2308 457 2348 ex
472 2290 532 2348 alio
553 2308 677 2348 eausam
694 2289 841 2348 tumultus
857 2289 982 2365 quaerit3
1003 2306 1102 2364 neque
1145 2356 1151 2366 ·

166 2372 203 2430 25
219 2387 279 2443 quo
294 2370 383 2444 signs
398 2370 542 2442 ferantur,
559 2388 655 2447 neque
678 2387 770 2446 quom
791 2370 823 2426 in
840 2377 958 2445 partem
973 2368 1101 2443 quisque

218 2450 389 2520 conveniat,
406 2449 575 2525 provident.
618 2450 710 2507 Alius
726 2451 790 2523 jem
812 2457 913 2506 eostre
934 2454 1024 2524 eapte
1037 2466 1102 2524 pro-

220 2530 362 2602 nunciot3
385 2530 462 2586 alius
477 2530 576 2588 deleto
591 2530 725 2588 exercitu
741 2535 832 2605 atque
848 2530 1028 2604 imperatore
1044 2528 1101 2586 vio·

218 2613 300 2666 tores
328 2610 473 2666 barbaros
499 2609 619 2667 venisse
644 2609 816 2667 contendit:
846 2609 979 2684 plerique
1005 2624 1102 2664 novus

219 2688 276 2746 sibi
298 2707 336 2747 ex
357 2687 422 2748 loeo
443 2689 606 2764 religiones
627 2689 754 2764 fingunt,
773 2688 930 2764 Oottaeque
946 2694 977 2744 et
992 2687 1102 2745 Titurii

166 2771 203 2828 30
219 2768 432 2840 columitatem,
448 2769 500 2845 qui
521 2769 552 2826 iu
573 2769 678 2826 eodem
701 2769 866 2826 occiderint
881 2767 1014 2838 castello,
1031 2773 1101 2825 ante

219 2849 322 2906 oeulos
349 2855 474 2924 ponunt.
528 2848 596 2906 Tali
625 2849 733 2907 timore
765 2848 905 2906 omuibus
932 2847 1101 2923 perterritis

218 2928 413 2986 confirmetur
427 2929 528 3004 opinio
542 2929 686 3000 berberis,
702 2935 736 2986 ut
747 2947 785 2986 ex
796 2929 918 3004 captivo
929 2927 1100 2996 audierant,

218 3009 335 3066 nullum
350 3027 417 3066 esse
430 3009 512 3066 intus
525 3009 708 3082 praesidium.
752 3009 948 3084 Perrumpere
965 3007 1103 3065 nituntur

219 3105 309 3163 seque
338 3089 395 3164 ipsi
425 3088 635 3160 adhortantur,
666 3106 702 3146 ne
730 3094 850 3145 tantam
880 3089 1033 3146 fortunam
1064 3104 1101 3145 ex

166 3166 358 3224 senonibus
379 3168 543 3228 dimittant.

260 3249 305 3302 38.
329 3246 405 3303 Erat
425 3263 504 3320 aeger
526 3247 557 3303 in
577 3247 719 3320 praesidio
741 3248 864 3306 relietus
886 3246 1014 3304 Publius
1031 3245 1102 3305 Sex·

219 3325 282 3380 tius
297 3325 437 3394 Baculus,
453 3325 503 3399 qui
525 3325 655 3400 primum
674 3327 769 3400 pilum
791 3329 829 3385 ad
846 3326 997 3385 Caeserem
1012 3327 1103 3384 duxe-

220 3407 276 3470 ret,
293 3404 377 3477 eujus
398 3404 581 3461 mentionem
604 3405 813 3479 superioribus
832 3407 947 3483 proeliis
965 3405 1100 3470 fecimus.

220 3498 256 3538 ao
276 3481 356 3538 diem
378 3482 443 3556 jam
464 3483 604 3558 quintum
624 3484 691 3540 eibo
712 3491 859 3544 caruerat.
903 3485 965 3547 Hie
986 3485 1102 3544 diffisus
