2548 3774
468 301 581 349 ursan
606 301 800 351 erremus.
1046 290 1107 354 145

171 452 263 512 citum
286 451 445 529 pervenire
469 459 580 527 posset.
632 451 713 510 Nam
736 453 762 510 si
784 453 919 528 legiones
943 453 974 511 in
988 473 1054 530 pro·

170 534 301 591 vinciam
330 539 502 602 arcesseret,
531 551 563 590 se
592 532 716 590 absente
744 533 775 589 in
805 534 911 590 itinere
946 535 1052 610 proelio

170 613 368 672 dimicaturas
389 612 597 687 intelligebat3
619 612 645 670 si
660 612 725 687 ipse
746 613 786 670 ad
807 614 971 672 exercitum
986 631 1053 672 eon-

169 694 316 763 teuderet,
332 710 369 749 ne
390 693 428 749 iis
450 693 572 768 quidem
587 709 621 748 eo
637 698 781 767 ternpore,
797 693 848 768 qni
863 694 957 768 quieti
973 693 1053 752 ride·

171 779 285 843 rentur,
302 790 388 830 suam
403 772 533 829 salutem
548 777 627 830 recte
643 772 792 829 committi
808 773 937 830 videbat.
1086 777 1104 833 5

212 853 237 913 i.
259 853 387 910 Interim
409 851 571 910 Lucterius
594 850 749 909 Cadurcus
770 851 800 908 in
823 852 962 910 Rutenos
983 853 1047 911 mis

169 948 223 990 sus
238 949 304 990 eam
326 932 481 990 civitatem
502 931 652 989 Arvernis
673 931 821 989 conciliat.
864 932 1051 1007 Progressus

170 1011 203 1068 in
214 1011 403 1087 Nitiobriges
414 1016 446 1068 et
457 1011 591 1070 Gabalos
605 1011 642 1068 ab
654 1011 787 1086 utrisque
800 1011 921 1069 obsides
931 1012 1048 1088 accipit,

168 1096 201 1148 et
217 1107 334 1166 ¹magna
361 1097 465 1148 coacta
494 1109 586 1148 manu
611 1091 643 1147 in
663 1091 859 1164 provinciam,
875 1090 1050 1150 Narbonem

169 1187 284 1240 versus,
299 1171 487 1247 eruptionem
509 1172 605 1228 iacere
627 1170 789 1230 contendit.
834 1171 901 1243 Qua
924 1188 954 1229 re
977 1175 1103 1232 nun-10

168 1251 251 1308 ciata
266 1251 370 1309 Caesar
383 1251 523 1309 omnibus
537 1250 671 1308 consiliis
686 1251 937 1308 antevertendum
948 1252 1049 1309 existi-

168 1330 275 1401 mavit,
298 1336 332 1388 ut
354 1330 529 1388 Narbonem
550 1329 794 1404 proficisceretur.
838 1329 883 1387 Eo
908 1347 976 1388 cum
1002 1349 1050 1389 ve·

169 1410 274 1481 nisset,
303 1410 446 1467 timentes
481 1409 644 1478 confirmat,
673 1409 817 1483 prasidio
850 1408 882 1466 in
917 1411 1048 1469 Rutenis

168 1490 417 1564 provincialibus,
434 1489 541 1546 Volcis
563 1488 757 1559 Arecomicis,
775 1488 978 1560 Tolosatibus
997 1491 1049 1548 oir-

168 1587 296 1644 oumque
311 1569 494 1638 Narbonem,
507 1586 573 1643 qua
585 1569 650 1626 loca
662 1567 802 1625 hostibus
814 1574 899 1626 erant
910 1569 1046 1642 finitima,
1064 1576 1100 1632 15

168 1649 345 1722 eonstituit;
374 1655 492 1723 partem
517 1649 673 1722 copiarum
695 1665 733 1705 ex
754 1648 911 1723 provincia
932 1651 1049 1724 supple·
1093 1715 1100 1734 ,

168 1733 372 1804 mentumque,
388 1729 468 1803 quod
489 1745 526 1785 ex
548 1728 640 1784 Italia
661 1728 835 1798 adduxerat,
855 1729 886 1784 in
909 1728 1046 1801 Helvios,

168 1809 220 1883 qui
236 1809 309 1865 fines
325 1809 531 1866 Arvernorum
546 1808 736 1882 contingunt,
752 1808 910 1865 convenire
921 1809 1015 1882 jubet.

209 1891 234 1945 8.
258 1888 318 1944 His
333 1888 421 1945 rebu‘s
433 1888 624 1963 comparatis
638 1905 774 1961 represso
784 1889 848 1961 Jam
861 1887 1003 1945 Lucterio
1017 1894 1048 1946 et

167 1972 292 2038 remoto,
322 1967 402 2042 quod
430 1968 542 2024 intrare
570 1967 650 2024 intra
677 1967 818 2042 praesidia
846 1967 1047 2042 periculosum
1062 1972 1100 2028 20

168 2047 305 2121 putabat,
322 2047 353 2104 in
376 2047 506 2104 Helvios
521 2046 734 2121 proficiscitur:
756 2047 814 2104 etsi
829 2064 917 2104 orons
933 2047 1048 2106 (leven-

168 2144 216 2196 na,
240 2127 293 2202 qui
316 2127 472 2184 Arvernos
502 2128 540 2184 ab
569 2126 689 2203 Helviis
711 2126 862 2195 discludit,
884 2126 1047 2184 durissimo

168 2211 303 2280 tempore
318 2206 390 2263 anni
409 2207 560 2264 altissimo
572 2206 641 2262 nire
653 2206 710 2262 iter
722 2205 904 2281 impediebat
915 2227 922 2280 3
944 2213 1046 2264 tamen

168 2286 307 2343 discussa
328 2287 397 2343 nive
420 2304 474 2344 sex
494 2286 525 2342 iu
547 2286 738 2342 altitudinem
759 2286 870 2360 pedum
891 2292 981 2362 atque
1003 2287 1047 2344 ita

170 2366 227 2422 viis
248 2366 416 2441 patefactio,
433 2383 551 2423 summo
573 2364 704 2422 militum
725 2365 825 2422 labore
842 2365 879 2422 ad
901 2366 974 2423 fines
990 2366 1046 2423 Ar·
1061 2369 1098 2427 25

170 2463 329 2502 vernorum
339 2446 485 2520 pervenit.
522 2445 639 2520 Quibus
649 2444 799 2520 oppressis
808 2445 1045 2520 inopinantibus,

168 2526 249 2599 quod
265 2542 297 2582 se
314 2525 457 2583 Cevenna
472 2531 505 2582 nt
520 2543 605 2582 muro
622 2525 755 2581 munitos
770 2524 994 2595 existimabant,
1011 2543 1046 2583 ac

168 2622 204 2662 ne
230 2605 378 2680 singulari
406 2605 528 2680 quidem
556 2623 690 2679 unquam
719 2603 833 2662 homini
854 2623 890 2662 eo
912 2611 1045 2680 tempore

168 2685 238 2741 anni
261 2685 376 2742 semitae
396 2691 566 2758 patuerant,
582 2684 733 2759 equitibus
755 2685 891 2758 imperat,
908 2692 1046 2760 utquam

162 2763 318 2822 latissime
332 2765 452 2840 possint
464 2769 613 2839 vagentur
627 2770 657 2820 et
667 2781 758 2838 qnam
773 2765 938 2821 maximum
955 2765 1046 2822 hosti·
1061 2769 1098 2825 30

168 2843 224 2900 bus
239 2849 383 2902 terrorem
405 2844 541 2902 inferant.
585 2843 730 2901 Celeriter
745 2843 807 2902 hac
828 2845 909 2901 fama
924 2863 958 2903 ae
973 2862 1046 2902 nun·

166 2923 222 2982 ciis
237 2924 275 2981 ad
285 2923 567 2998 Vercingetorigem
576 2925 780 2998 perferuntur3
796 2942 885 2999 quem
894 2925 1046 2999 perterriti

166 3021 272 3061 omnes
292 3003 424 3061 Arverni
446 3004 673 3062 circumsistunt
700 3009 789 3079 atque
818 3003 985 3074 obsecrant,
1011 3011 1046 3061 ut

166 3084 232 3140 suis
260 3083 389 3141 fortunis
424 3083 569 3153 consulat,
596 3101 671 3140 nove
700 3083 737 3140 ab
772 3083 912 3140 hostibus
947 3083 1046 3159 diripi·

166 3170 275 3236 antur3
305 3164 471 3238 prasertim
494 3181 562 3221 eum
584 3163 687 3220 videat
707 3180 794 3219 omne
817 3162 855 3219 ad
878 3181 910 3220 se
933 3164 1042 3220 bellum
1059 3166 1097 3224 35

166 3243 358 3302 translatum.
403 3244 538 3317 Quorum
554 3243 604 3300 ille
623 3242 761 3316 precibus
776 3247 931 3316 permotus
946 3249 1046 3301 eastra

165 3339 204 3380 ex
218 3323 411 3397 Biturigibus
425 3329 528 3380 movet
542 3323 573 3379 in
589 3323 745 3378 Arvernos
760 3339 873 3378 versus.

209 3403 234 3460 9.
258 3403 302 3460 At
324 3402 428 3461 (laesar
449 3403 572 3459 biduum
595 3402 626 3457 in
648 3401 696 3458 his
716 3400 790 3457 locis
805 3406 949 3469 moratus,
965 3399 1046 3475 quod

166 3479 230 3540 haec
245 3482 282 3539 de
297 3482 548 3558 Vercingetorige
563 3497 622 3538 usu
636 3485 764 3538 ventura
785 3479 923 3555 opinione
940 3495 1046 3555 praeoe-

287 3573 318 3623 10
