2524 3776
183 240 222 304 16
450 254 497 300 nn
521 252 641 299 annno
667 253 843 302 cataroe.

231 409 293 462 ret:
315 421 347 462 se
362 404 407 461 ita
421 421 439 460 a
453 402 590 478 patribus
602 402 823 478 majoribusque
835 402 900 460 suis
911 401 1061 473 didicisse,
1075 407 1108 461 ut

230 483 328 558 magis
350 484 470 553 virtute,
486 499 577 558 quam
601 481 671 540 dolo
692 483 908 540 contenderent
923 488 976 538 aut
990 482 1109 540 insidiis

231 563 404 620 niterentur.
448 563 548 635 Quare
569 578 607 619 ne
630 562 838 632 committeret,
854 568 889 619 ut
903 562 930 618 is
947 561 1038 631 locus,
1055 562 1108 619 ubi

230 643 447 711 constitissent,
463 659 500 698 ex
515 641 688 698 calamitate
709 641 812 717 populi
826 640 959 698 Romani
974 647 1005 697 et
1019 641 1107 698 inter·
1159 695 1163 704 ,

197 721 354 779 bnecione
382 721 532 779 exercitus
561 737 669 777 nomen
697 726 824 796 caperet,
849 729 902 777 aut
929 720 1107 777 memoriam

230 801 398 874 proderet.''

271 884 315 938 14.
338 880 398 938 His
409 878 745 954 Cesaritarespondit:
762 879 835 936 “Eo
846 879 902 936 sibi
914 878 1106 936 minusdubi·

230 960 356 1017 tationis
370 960 444 1029 dari,
457 960 537 1034 quod
552 976 605 1017 eas
620 975 677 1028 res,
689 976 765 1034 quas
776 958 870 1033 legati
881 957 1017 1016 Helvetii
1029 974 1106 1016 com·

231 1046 457 1110 memorassent,
479 1039 625 1097 memoria
647 1044 779 1096 teneret:
810 1044 900 1113 atque
922 1055 958 1095 eo
980 1037 1105 1112 gravius

180 1119 214 1177 lo
230 1119 313 1187 ferre,
329 1136 387 1193 quo
402 1119 502 1175 minus
517 1118 625 1175 merito
638 1118 743 1192 populi
758 1117 889 1174 Romani
905 1117 1105 1190 accidissent;

228 1197 278 1271 qui
290 1198 315 1254 si
328 1197 453 1271 alicujus
464 1197 578 1271 injuria
589 1198 647 1253 sibi
663 1197 800 1255 conscius
811 1197 928 1266 fnisset,
941 1213 1001 1253 non
1012 1197 1105 1254 fuisse

228 1275 345 1334 difficile
354 1295 476 1348 cavere,
491 1277 544 1333 sed
553 1295 589 1334 ec
598 1276 766 1350 deceptum,
775 1276 855 1351 quod
863 1293 959 1351 neque
969 1276 1106 1333 commis·

227 1371 294 1411 sum
307 1373 367 1412 ase
378 1355 569 1430 intelligeret,
579 1373 672 1430 quare
682 1356 816 1429 timeret3
832 1373 928 1431 neque
938 1355 1002 1412 sine
1011 1372 1106 1413 causa

227 1434 395 1492 timendum
407 1441 534 1510 putaret.
570 1436 658 1508 Quod
673 1434 698 1490 si
712 1436 822 1492 veteris
833 1434 1021 1492 contumeliae
1032 1434 1105 1492 obli·
1119 1501 1123 1505 ,

178 1514 212 1571 15
228 1513 302 1570 visci
312 1514 412 1584 vellet,
425 1532 494 1570 num
505 1514 595 1570 etiam
606 1514 769 1571 recentium
780 1514 965 1588 injuriarum,
976 1514 1056 1588 quod
1068 1532 1104 1571 eo

228 1592 324 1650 invito
339 1594 397 1650 iter
410 1610 463 1668 per
476 1594 662 1668 provinciam
679 1611 732 1667 per
746 1595 808 1650 vim
829 1598 1008 1663 tentassent,
1024 1594 1103 1667 quod

227 1671 354 1741 AEdu0s‚
365 1673 445 1747 quod
456 1672 631 1742 Ambarros
643 1672 722 1747 quod
735 1671 921 1747 Allobrogas
931 1679 1102 1743 vexassent,

227 1752 402 1809 memoriam
418 1752 565 1826 deponere
576 1751 687 1826 posse?
729 1752 817 1824 Quod
831 1769 887 1808 sna
898 1752 1025 1810 victoria
1039 1757 1103 1809 tam

227 1830 390 1888 insolenter
404 1830 612 1905 gloriarentur,
629 1830 767 1906 qnodque
782 1836 845 1888 tam
866 1833 918 1888 diu
934 1849 965 1890 se
980 1833 1102 1906 impune

175 1910 212 1966 20
227 1909 350 1984 injurias
366 1910 472 1968 tulisse
488 1911 714 1982 admirarentur,
727 1912 833 1968 eodem
848 1911 1014 1985 pertinere:
1036 1929 1103 1968 con·

227 2005 330 2046 suessa
351 1991 431 2047 enim
453 1991 525 2048 deos
539 1990 733 2060 immortales,
750 2008 809 2066 quo
825 1991 949 2065 gravius
963 1991 1103 2048 homines

226 2085 264 2124 ex
284 2070 517 2127 commutatione
538 2086 637 2126 rerum
659 2069 790 2140 doleant,
813 2087 889 2144 quos
912 2086 966 2143 pro
991 2070 1103 2130 scelere

226 2165 326 2204 eorum
343 2148 446 2206 ulcisci
459 2149 561 2218 velint,
574 2148 622 2205 his
637 2149 829 2207 secundiores
844 2149 995 2206 interdum
1008 2167 1057 2206 res
1071 2155 1103 2206 et

227 2226 443 2289 diuturniorem
464 2229 676 2304 impunitatem
691 2230 859 2286 concedere.
904 2229 980 2286 (lum
1002 2229 1103 2285 calta

175 2305 211 2360 25
227 2306 296 2375 sint,
310 2312 420 2377 tamen,
433 2307 459 2364 si
473 2307 593 2364 obsides
609 2308 647 2364 ab
662 2309 700 2364 iis
715 2307 774 2364 sibi
789 2309 903 2377 dentur,
920 2307 963 2363 uti
978 2325 1023 2378 ea,
1036 2325 1102 2383 quoe

225 2384 430 2459 polliceantur,
447 2389 579 2444 facturos
593 2386 753 2461 intelligat,
766 2393 797 2443 et
811 2387 837 2443 si
851 2387 963 2443 AEduis
977 2388 1014 2444 de
1029 2388 1103 2462 inju-

226 2465 287 2534 riis,
303 2483 379 2540 quas
400 2466 474 2541 ipsis
496 2466 644 2540 sociisque
664 2484 768 2524 eorum
789 2465 954 2536 intulerint,
977 2467 1050 2524 item
1075 2467 1101 2523 si

227 2543 442 2619 Allobrogibus
463 2546 663 2616 satisfaciant,
679 2563 744 2603 sese
766 2562 834 2603 cum
855 2546 893 2602 iis
914 2562 1019 2619 pacem
1034 2563 1101 2603 esse

226 2623 405 2682 facturum.'’
447 2623 555 2682 Divico
584 2625 757 2699 respondit:
789 2625 867 2683 “Ita
895 2624 1055 2682 Helvetios
1085 2643 1102 2682 a

174 2700 212 2756 30
226 2703 390 2775 majoribus
411 2704 475 2760 suis
496 2704 653 2761 institutos
668 2722 744 2775 esse,
761 2704 805 2762 uti
821 2703 941 2762 obsides
957 2705 1100 2779 accipere,

227 2782 383 2852 uendere,
399 2784 589 2840 consuerint:
611 2785 676 2857 ejus
697 2784 737 2840 rei
759 2785 903 2859 populum
926 2784 1101 2842 Romanum

226 2877 293 2917 esse
307 2865 447 2920 testem.’'
490 2861 557 2920 Hoc
571 2880 716 2938 responso
731 2864 804 2930 dato
819 2863 967 2920 discessit.

269 2941 313 2998 15.
337 2941 463 2998 Postero
484 2942 533 3000 die
548 2948 648 3000 castra
669 2959 706 2999 ex
720 2960 755 3000 eo
772 2941 837 2999 loco
859 2947 999 3000 movent:
1020 2943 1101 3000 idem

227 3017 300 3075 lacit
326 3019 446 3093 Oaesar3
476 3022 704 3096 equitatumque
730 3039 858 3091 omnem,
881 3022 918 3078 ad
943 3039 1098 3078 numerum

175 3097 211 3152 35
228 3104 356 3170 quatuor
369 3099 495 3168 milium,
511 3119 599 3174 quem
621 3119 658 3158 ex
679 3101 760 3158 omni
774 3100 931 3176 provincia
945 3105 977 3158 et
990 3100 1101 3158 AEduis

228 3182 318 3250 atque
332 3195 435 3234 corum
450 3179 540 3236 sociis
554 3186 692 3237 coactum
710 3180 849 3249 habebat,
866 3180 1032 3254 praemittit,
1049 3179 1100 3254 qui

229 3255 358 3327 videant,
376 3274 460 3331 ,quas
484 3257 517 3314 in
542 3265 643 3331 partes
668 3260 771 3317 hostes
796 3261 854 3317 iter
878 3259 998 3317 faciant.
1042 3258 1100 3331 Qui

227 3335 364 3409 cupidius
373 3336 570 3393 novissimum
582 3355 691 3412 agmen
700 3339 837 3409 insecuti,
847 3339 944 3396 alieno
955 3338 1020 3395 loeo
1032 3355 1101 3394 cum

226 3414 363 3488 equitatu
375 3414 584 3472 Helvetiorum
595 3417 732 3491 proelium
745 3419 954 3492 committunt;
973 3423 1003 3474 ct
1012 3416 1101 3493 pauci
