2524 3776
194 275 233 342 td
463 294 511 341 nn
536 294 656 343 nanno
682 294 859 345 estmoe.

244 444 283 502 ad
306 461 378 503 snos
396 444 515 520 recipit,
531 444 653 520 suisque
667 444 838 521 imperavit,
854 463 892 503 ne
907 443 987 520 qnod
1002 446 1124 505 omnino

242 525 337 582 telum
352 525 384 582 in
399 525 502 583 hostes
516 524 681 599 rejicerent.
720 525 749 582 N
752 543 801 582 am
818 526 877 582 etsi
895 525 960 583 sine
975 524 1035 583 ullo
1050 527 1125 601 peri·

243 604 310 662 culo
334 605 464 680 legionis
488 605 611 663 delecta
635 622 703 662 cnm
729 606 867 681 equitatu
894 605 1033 680 proelium
1063 607 1124 666 iore

242 684 375 755 videbat,
410 690 514 743 tamen
548 685 798 743 committendum
833 701 893 741 non
926 686 1061 759 putabat,
1091 692 1125 744 ut

210 763 338 838 hpulsis
360 765 500 823 hostibus
522 765 581 825 dici
602 770 715 839 posset,
731 782 784 822 eos
805 764 843 821 ab
864 782 897 822 se
918 764 1074 840 perfidem
1093 766 1124 824 iu

241 843 390 920 colloquio
401 845 630 903 circumventos.
665 844 870 919 Posteaquam
887 845 916 900 in
930 844 1125 918 vulgusmili·

241 928 306 980 tum
329 925 442 982 clatum
463 930 596 1000 estque
617 925 794 998 arrogantia
815 924 846 980 in
867 923 1015 999 colloquio
1037 924 1125 983 Ario·

241 1003 341 1061 ristus
372 1021 446 1062 usus
481 1004 563 1062 omni
593 1003 693 1063 Gallia
724 1004 876 1062 Romanis
908 1003 1123 1074 interdixisset,

244 1081 451 1159 impetumque
467 1083 498 1141 in
513 1089 633 1141 nostros
648 1085 712 1158 ejus
726 1084 846 1158 equites
861 1083 1012 1152 fecissent,
1028 1101 1123 1158 eaque

192 1168 226 1225 10
240 1179 288 1218 res
304 1164 486 1239 colloquium
501 1169 535 1222 nt
549 1163 738 1222 diremisset:
761 1163 857 1221 multo
872 1165 968 1237 major
983 1164 1124 1222 alacritas

240 1243 434 1318 studiumque
448 1243 605 1319 pugnandi
619 1244 717 1317 majus
731 1242 875 1301 exercitui
890 1243 1031 1318 injectum
1046 1250 1102 1302 est.

281 1323 327 1383 41.
351 1322 449 1380 Biduo
472 1328 543 1398 post
567 1322 742 1382 Ariovistus
768 1323 805 1380 ad
829 1322 979 1382 Caesarem
1001 1317 1124 1398 'legatos

240 1402 341 1473 mittit,
352 1402 429 1460 velle
444 1419 476 1460 se
491 1402 529 1460 de
544 1402 591 1460 his
605 1403 703 1472 rebus,
713 1421 779 1478 quae
790 1402 932 1460 intereos
944 1401 994 1476 agi
1018 1411 1125 1478 coeptae

241 1499 335 1557 neque
349 1483 488 1558 periectae
502 1488 614 1551 essent,
627 1499 717 1557 agere
732 1500 799 1540 cnm
813 1501 866 1540 eo:
889 1483 933 1540 uti
949 1487 1001 1539 ant
1014 1482 1123 1541 iterum

190 1567 225 1624 15
241 1562 388 1637 colloquio
403 1562 483 1620 diem
503 1563 714 1636 constitueret;
736 1568 797 1627 aut,
809 1563 835 1620 si
856 1562 885 1619 id
906 1562 1006 1619 minus
1021 1562 1121 1634 vellet,

240 1658 277 1700 ex
292 1643 355 1699 suis
369 1643 479 1717 legatis
494 1642 623 1717 aliquem
638 1643 676 1700 ad
693 1661 725 1700 se
740 1642 881 1700 mitteret.
925 1641 1122 1716 Colloqucndi

241 1723 354 1781 Caesari
369 1739 460 1780 causa
471 1722 538 1779 visa
552 1740 611 1779 non
627 1728 693 1796 est3
714 1727 746 1779 et
760 1740 795 1780 eo
810 1723 917 1796 magis,
933 1722 1013 1797 quod
1027 1722 1123 1798 pridie

239 1805 304 1877 ejus
319 1803 377 1859 diei
393 1802 536 1861 Germani
551 1801 672 1859 'retineri
687 1820 747 1859 non
761 1807 910 1878 poterant,
927 1802 997 1876 quin
1011 1802 1042 1858 in
1057 1819 1124 1860 nos·

240 1889 303 1941 tros
318 1883 379 1939 tela
394 1881 581 1956 conjicerent.
625 1882 777 1956 Legatum
798 1899 835 1939 cx
850 1882 913 1938 suis
928 1898 994 1938 sese
1009 1899 1123 1956 magno

188 1965 225 2021 20
241 1981 308 2020 cnm
322 1962 453 2038 periculo
475 1962 512 2020 ad
535 1979 603 2018 enm
624 1963 785 2020 missurum
809 1967 841 2019 ct
862 1960 1036 2019 hominibus
1051 1962 1123 2023 ieris

240 2044 425 2117 objecturum
460 2041 661 2100 existimabat.
713 2041 998 2100 Commodissimum
1023 2041 1122 2100 visum

239 2129 287 2181 est
313 2122 420 2182 Caium
435 2121 590 2180 Valerium
607 2121 778 2191 Procillum,
797 2120 865 2180 Caii
881 2119 995 2178 Valerii
1011 2119 1123 2179 Caburi

239 2203 340 2271 filium,
363 2219 480 2259 summa
501 2202 613 2258 virtute
638 2207 669 2259 et
691 2201 878 2259 humanitate
901 2200 1123 2259 adolescentem

241 2281 341 2356 (cujus
355 2288 441 2357 pater
462 2301 480 2339 a
496 2281 570 2341 Caio
586 2281 710 2339 Valerio
726 2281 836 2338 Flacco
851 2280 976 2338 civitate
990 2281 1122 2339 donatus

187 2365 223 2422 25
239 2367 329 2434 erat),
345 2367 377 2418 ct
390 2368 511 2439 propter
525 2362 613 2419 fidem
627 2367 659 2419 et
672 2367 794 2437 propter
806 2361 918 2436 linguae
935 2360 1058 2420 Gallicae
1069 2361 1124 2418 sci-

239 2443 362 2512 entiam,
376 2460 435 2516 qua
449 2443 546 2500 multa
555 2443 620 2516 jam
632 2441 808 2498 Ariovistus
821 2441 987 2516 longinqua
1002 2458 1124 2498 consue·

240 2523 344 2580 tudine
367 2521 514 2594 utebatur,
537 2529 568 2579 et
588 2523 668 2597 quod
690 2522 720 2578 in
742 2539 777 2579 oo
797 2521 941 2597 peccandi
964 2519 1124 2579 Germanis

239 2620 331 2660 cansa
352 2619 412 2658 non
434 2609 524 2671 esset,
541 2602 579 2660 ad
601 2621 669 2658 eum
690 2601 818 2672 mittere,
834 2607 866 2659 et
886 2600 1025 2658 Marcum
1046 2599 1124 2657 Met-

239 2683 324 2752 tium,
340 2681 389 2757 qui
405 2680 537 2757 hospitio
553 2681 703 2739 Ariovisti
725 2681 874 2739 utebatur.
920 2680 979 2737 His
1000 2679 1124 2738 manda·

187 2765 225 2822 30
241 2763 295 2833 vit,
310 2767 353 2830 ut,
369 2778 435 2836 quae
456 2763 569 2820 diceret
592 2761 777 2831 Ariovistus,
794 2766 1011 2836 cognoscerent
1031 2764 1062 2818 et
1083 2760 1123 2819 ad

240 2860 272 2902 se
293 2842 446 2900 referrent.
490 2843 574 2916 Quos
589 2859 656 2898 cum
672 2841 750 2917 apud
765 2859 798 2899 se
812 2841 844 2897 in
859 2839 969 2900 castris
986 2839 1123 2899 Ariovis·

239 2929 290 2982 tus
301 2922 517 2999 conspexisset,
529 2922 661 2980 exercitu
673 2938 728 2979 suo
738 2928 894 2998 praesente,
906 2919 1122 2979 conclamavit:

241 3003 345 3078 “Quid
375 3003 413 3060 ad
443 3019 474 3060 se
503 2999 659 3060 venirent?
701 3000 753 3060 An
782 3001 956 3077 speculandi
984 2995 1123 3058 cansal’'

242 3084 396 3144 Conantes
410 3083 509 3140 dicere
523 3081 679 3158 prohibuit
693 3087 724 3138 et
739 3081 769 3138 in
784 3087 907 3139 catenas
922 3080 1058 3152 conjecit,

189 3164 225 3222 a5
281 3167 326 3222 48.
349 3163 465 3220 Eodem
488 3163 535 3220 die
557 3167 658 3221 castra
677 3161 830 3236 promovit
850 3166 880 3218 et
912 3160 1035 3218 milibus
1054 3177 1122 3236 pas·

240 3259 328 3300 suum
353 3259 406 3299 sex
431 3260 449 3299 a
470 3241 601 3304 Caesaris
625 3241 734 3299 castris
760 3241 816 3298 sub
844 3246 946 3298 monte
975 3239 1120 3298 consedit.

242 3321 393 3379 Postridie
408 3322 472 3395 ejus
481 3321 543 3379 diei
556 3326 663 3396 praeter
676 3326 774 3378 castra
787 3320 917 3379 Caesaris
932 3337 1003 3377 suas
1018 3319 1121 3395 copias

240 3401 414 3458 transduxit
438 3406 469 3458 et
501 3401 623 3458 milibus
643 3400 929 3476 passuum-duobus
951 3399 1031 3456 ultra
1051 3417 1121 3457 oum

241 3485 341 3538 castra
355 3479 434 3552 fecit,
450 3497 485 3538 co
507 3479 642 3552 consilio,
658 3478 702 3536 nti
718 3479 869 3536 frumento
883 3483 1122 3553 commeatuque,
