2548 3774
199 257 263 326 146
469 270 516 319 uu
540 270 661 318 sunno
687 271 863 319 caturco,

250 427 344 499 perat,
356 439 410 498 per
423 439 547 479 causam
562 421 764 497 supplementi
775 421 991 498 equitatusque
1003 423 1129 499 cogendi

251 503 290 560 ab
310 502 444 560 exercitu
464 501 608 575 discedit,
630 502 759 558 Brutum
782 501 1002 564 adolescentem
1024 502 1071 560 his
1085 521 1130 560 co·

249 583 309 658 piis
321 582 442 657 praeficit
454 602 461 654 3
484 581 564 639 hunc
575 587 686 650 monet,
697 587 732 637 ut
743 582 773 637 in
786 598 890 638 omnes
901 590 1003 658 partes
1012 583 1129 657 equites

249 680 340 738 quarn
362 661 510 718 latissime
531 670 752 736 pervagentur:
775 661 916 718 daturum
945 679 976 719 se
999 679 1127 737 oporam,

216 746 290 803 bne
306 742 427 817 longius
441 741 541 798 triduo
563 740 600 798 ab
615 741 722 798 castris
745 741 826 798 absit
876 741 935 798 His
957 743 1128 799 constitutis

250 823 349 892 rebus,
379 822 443 879 suis
474 821 712 895 inopinantibus,
738 839 827 896 quam
857 821 998 878 maximis
1026 829 1128 896 potest

251 901 408 959 itineribus
435 901 587 958 Viennam
602 901 748 974 peruenit.
791 901 839 958 Ibi
855 908 962 958 nactus
977 909 1126 958 recentem

249 982 427 1056 equitatum,
443 999 532 1056 quom
548 981 654 1037 multis
674 986 745 1038 ante
763 980 869 1038 diebus
883 999 919 1038 eo
933 981 1126 1055 praemiserat,

250 1079 346 1137 neque
361 1061 468 1118 diurno
492 1078 585 1136 ucque
600 1059 747 1118 nocturno
761 1060 866 1118 itinere
888 1061 1128 1136 intermisso-per

199 1141 324 1200 ldfinos
351 1140 522 1198 AEduorurn
551 1141 581 1196 in
610 1140 765 1214 Lingones
793 1141 955 1211 contendit,
986 1141 1035 1197 ubi
1063 1142 1128 1198 duae

249 1221 385 1296 legiones
407 1220 591 1289 hiemabant,
607 1227 649 1290 ut,
666 1221 690 1276 si
713 1219 785 1295 quid
800 1221 893 1277 etiam
907 1221 944 1277 de
960 1239 1015 1277 sna
1030 1222 1128 1278 salute

249 1301 287 1358 ab
310 1300 421 1358 AEduis
445 1301 572 1356 iniretur
599 1300 725 1368 consilii,
750 1299 902 1357 celeritate
926 1309 1127 1377 praecurreret.

250 1380 296 1438 Eo
324 1398 391 1437 cum
421 1380 618 1456 pervenisset,
641 1380 679 1436 ad
708 1379 840 1454 reliquas
869 1380 1005 1455 legiones
1033 1381 1129 1438 mittit

248 1460 390 1535 priusque
406 1478 510 1517 omncs
525 1460 555 1515 in
576 1477 669 1516 unum
682 1459 782 1516 locum
798 1459 887 1535 cogit,
904 1461 1046 1536 quamde
1064 1463 1129 1534 ejus

198 1541 232 1600 15
249 1541 381 1599 adventu
401 1540 547 1596 Arvernis
568 1539 703 1597 nunciari
718 1546 829 1614 posset.
874 1539 942 1598 Hac
957 1558 988 1598 re
1006 1543 1128 1615 cognita

249 1618 481 1694 Vercingetorix
495 1636 599 1676 rursus
614 1620 644 1676 in
656 1619 811 1694 Bituriges
822 1621 987 1678 exercitum
1001 1621 1127 1692 reducit,

249 1707 339 1775 atque
352 1699 423 1756 inde
438 1700 590 1774 profectus
606 1699 799 1774 Gergoviam,
815 1701 958 1758 Boiorum
974 1701 1127 1775 oppidum,

248 1798 323 1855 quos
338 1779 378 1837 ibi
397 1779 557 1836 Helvetico
572 1779 678 1854 proelio
693 1779 790 1836 victos
813 1778 913 1837 Oaesar
927 1779 1129 1838 collocaverat

248 1859 416 1935 AEduisque
432 1859 620 1928 attribuerat,
637 1876 810 1933 oppugnare
826 1859 966 1916 instituit.

196 1943 233 1998 20
286 1943 332 1998 10.
356 1940 503 2014 Magnam
519 1939 582 1996 haec
597 1956 645 1994 res
661 1938 774 1996 (laesari
789 1939 993 1996 difficultatem
1007 1940 1046 1997 ad
1062 1958 1128 1998 con-

248 2018 350 2076 silium
379 2021 558 2096 capiendum
587 2019 746 2091 afferebat3
781 2019 806 2075 si
833 2020 981 2095 reliquam
1008 2026 1126 2096 partem

247 2098 356 2156 hiemis
380 2118 440 2157 uno
465 2100 494 2156 in
517 2099 582 2156 loco
606 2099 741 2172 legiones
762 2100 935 2168 contineret,
958 2117 994 2156 ne
1017 2101 1127 2174 stipen-

247 2179 524 2237 diariisAEduorum
539 2179 722 2254 expugnatis
737 2185 848 2236 cuncta
864 2179 963 2238 Gallia
978 2179 1125 2249 deficeret,

247 2256 327 2334 quod
349 2259 464 2315 nullum
485 2259 589 2316 amieis
611 2259 641 2315 iu
663 2276 698 2315 eo
719 2258 893 2334 praesidium
915 2260 1031 2316 videret
1049 2260 1127 2334 posi·
1218 2302 1228 2312 .

195 2339 232 2396 25
247 2344 313 2395 turn
328 2357 411 2411 esse;
433 2339 480 2395 sin
495 2338 644 2395 maturius
665 2357 702 2395 ex
720 2337 854 2396 hibernis
869 2339 1018 2410 educeret,
1035 2358 1072 2396 ne
1088 2339 1125 2396 ab

248 2418 1002 2478 refrumentariadurissubvectionibuslaboraret.
1031 2420 1126 2476 Praes-

247 2502 312 2554 tare
337 2499 435 2554 visum
459 2503 507 2554 est
531 2504 633 2554 tamen
658 2515 763 2555 omnes
784 2499 976 2556 difficultates
999 2499 1124 2574 perpeti,

247 2593 338 2650 quam
366 2582 451 2633 tanta
479 2577 662 2634 contumelia
691 2585 814 2652 accepta
841 2580 975 2636 omnium
1001 2596 1125 2636 suorum

149 2728 151 2735 ,
249 2656 420 2712 voluntates
442 2657 580 2715 alienare.
625 2657 735 2731 Itaque
757 2659 933 2734 cohortatus
948 2659 1067 2717 AEdnos
1088 2660 1125 2716 de

194 2735 232 2791 30
248 2736 453 2810 supportando
474 2745 644 2794 commeatu
669 2739 828 2813 praemittit
845 2739 883 2796 ad
905 2738 1006 2810 Boios
1022 2740 1073 2814 qui
1088 2740 1125 2796 do

248 2832 302 2872 suo
318 2816 451 2872 adventu
466 2817 594 2874 doceant
616 2817 841 2894 hortenturque,
857 2819 937 2876 utin
955 2819 1011 2877 lide
1026 2837 1126 2877 mane·

247 2901 300 2952 ant
313 2903 403 2970 atquc
414 2895 546 2952 hostium
557 2897 703 2972 impetum
713 2917 823 2974 rnaguo
833 2899 933 2956 animo
944 2900 1117 2958 sustineant

247 2975 374 3033 Duabus
402 2976 552 3050 Agendici
581 2977 752 3051 legionibus
781 2987 871 3055 atque
900 2980 1125 3054 impedimentis

246 3055 340 3112 totius
361 3056 510 3112 exercitus
532 3057 643 3114 relictis
666 3058 703 3114 ad
726 3059 818 3116 Boios
838 3059 1042 3135 proficiscitur.

195 3137 230 3192 35
289 3137 332 3192 ll.
356 3135 462 3192 Altero
474 3136 522 3193 die
538 3155 605 3193 cunr
622 3137 661 3194 ad
677 3139 820 3212 oppidum
838 3139 989 3196 Senonum
1003 3140 1126 3198 Vellau-

246 3214 400 3269 nodunum
423 3216 565 3286 venisset,
584 3235 621 3272 ne
643 3235 730 3290 quern
752 3223 822 3292 post
843 3237 875 3276 se
898 3219 1015 3277 hostem
1038 3220 1125 3277 relin-

245 3298 357 3365 queret,
373 3311 432 3366 quo
449 3296 630 3369 expeditiore
652 3313 683 3352 re
701 3297 898 3355 frumentaria
916 3305 1059 3372 uteretur,
1075 3318 1125 3376 op-

245 3386 379 3442 pugnare
396 3371 528 3428 instituit
543 3375 631 3448 idque
647 3375 738 3432 biduo
753 3377 1010 3450 circumvallavit3
1031 3381 1124 3438 tertio

244 3447 290 3504 die
306 3449 407 3506 missis
421 3468 459 3506 cx
474 3452 582 3527 oppido
603 3453 712 3528 legatis
727 3456 763 3513 de
779 3457 941 3527 deditione,
958 3475 1042 3516 arrrra
1057 3477 1123 3517 eon·
