<?xml version="1.0" encoding="UTF-8"?>
<!DOCTYPE html PUBLIC "-//W3C//DTD XHTML 1.0 Transitional//EN"
    "http://www.w3.org/TR/xhtml1/DTD/xhtml1-transitional.dtd">
<html xmlns="http://www.w3.org/1999/xhtml" xml:lang="en" lang="en">
 <head>
  <title>
</title>
<meta http-equiv="Content-Type" content="text/html;charset=utf-8" />
  <meta name='ocr-system' content='tesseract 3.04.00' />
  <meta name='ocr-capabilities' content='ocr_page ocr_carea ocr_par ocr_line ocrx_word'/>
</head>
<body>
  <div class='ocr_page' id='page_1' title='image "./caiijuliicaesar03caesgoog_0109.png"; bbox 0 0 2548 3774; ppageno 0'>
   <div class='ocr_carea' id='block_1_1' title="bbox 482 272 1098 345">
    <p class='ocr_par' dir='ltr' id='par_1_1' title="bbox 482 272 1098 345">
     <span class='ocr_line' id='line_1_1' title="bbox 482 272 1098 345; baseline 0.008 -12"><span class='ocrx_word' id='word_1_1' title='bbox 482 285 596 334; x_wconf 80' lang='lat' dir='ltr'>arana</span> <span class='ocrx_word' id='word_1_2' title='bbox 620 289 796 345; x_wconf 79' lang='lat' dir='ltr'>curares.</span> <span class='ocrx_word' id='word_1_3' title='bbox 1040 272 1098 338; x_wconf 86' lang='lat'>101</span> 
     </span>
    </p>
   </div>
   <div class='ocr_carea' id='block_1_2' title="bbox 164 435 1099 840">
    <p class='ocr_par' dir='ltr' id='par_1_2' title="bbox 164 435 1099 840">
     <span class='ocr_line' id='line_1_2' title="bbox 165 435 1050 515; baseline 0.003 -21"><span class='ocrx_word' id='word_1_4' title='bbox 165 440 322 513; x_wconf 86' lang='lat' dir='ltr'>permotus</span> <span class='ocrx_word' id='word_1_5' title='bbox 343 435 510 495; x_wconf 83' lang='lat' dir='ltr'>delectione</span> <span class='ocrx_word' id='word_1_6' title='bbox 530 437 699 509; x_wconf 89' lang='lat' dir='ltr'>civitatum,</span> <span class='ocrx_word' id='word_1_7' title='bbox 714 437 834 513; x_wconf 66' lang='lat' dir='ltr'>legatos</span> <span class='ocrx_word' id='word_1_8' title='bbox 854 455 907 515; x_wconf 89' lang='lat' dir='ltr'>per</span> <span class='ocrx_word' id='word_1_9' title='bbox 921 438 1050 497; x_wconf 85' lang='lat' dir='ltr'>Atreba-</span> 
     </span>
     <span class='ocr_line' id='line_1_3' title="bbox 165 515 1045 579; baseline 0.006 -5"><span class='ocrx_word' id='word_1_10' title='bbox 165 521 226 574; x_wconf 88' lang='lat' dir='ltr'>tem</span> <span class='ocrx_word' id='word_1_11' title='bbox 251 515 424 574; x_wconf 79' lang='lat' dir='ltr'>Commium</span> <span class='ocrx_word' id='word_1_12' title='bbox 452 517 489 575; x_wconf 89' lang='lat' dir='ltr'>de</span> <span class='ocrx_word' id='word_1_13' title='bbox 518 518 671 575; x_wconf 90' lang='lat' dir='ltr'>deditione</span> <span class='ocrx_word' id='word_1_14' title='bbox 701 519 740 575; x_wconf 92' lang='lat' dir='ltr'>ad</span> <span class='ocrx_word' id='word_1_15' title='bbox 764 518 914 578; x_wconf 79' lang='lat' dir='ltr'>Gaesarem</span> <span class='ocrx_word' id='word_1_16' title='bbox 943 519 1045 579; x_wconf 90' lang='lat' dir='ltr'>mittit.</span> 
     </span>
     <span class='ocr_line' id='line_1_4' title="bbox 165 595 1048 666; baseline 0.001 -11"><span class='ocrx_word' id='word_1_17' title='bbox 165 595 279 666; x_wconf 80' lang='lat' dir='ltr'>Oaesar,</span> <span class='ocrx_word' id='word_1_18' title='bbox 310 613 379 653; x_wconf 91' lang='lat' dir='ltr'>cam</span> <span class='ocrx_word' id='word_1_19' title='bbox 411 597 621 656; x_wconf 89' lang='lat' dir='ltr'>constituisset</span> <span class='ocrx_word' id='word_1_20' title='bbox 651 598 785 656; x_wconf 89' lang='lat' dir='ltr'>hiemare</span> <span class='ocrx_word' id='word_1_21' title='bbox 817 599 848 656; x_wconf 92' lang='lat' dir='ltr'>in</span> <span class='ocrx_word' id='word_1_22' title='bbox 881 599 1048 656; x_wconf 91' lang='lat' dir='ltr'>continenti</span> 
     </span>
     <span class='ocr_line' id='line_1_5' title="bbox 164 677 1047 754; baseline 0.007 -22"><span class='ocrx_word' id='word_1_23' title='bbox 164 682 288 752; x_wconf 89' lang='lat' dir='ltr'>propter</span> <span class='ocrx_word' id='word_1_24' title='bbox 302 677 475 751; x_wconf 90' lang='lat' dir='ltr'>repentinos</span> <span class='ocrx_word' id='word_1_25' title='bbox 492 677 597 736; x_wconf 69' lang='lat' dir='ltr'>Galliae</span> <span class='ocrx_word' id='word_1_26' title='bbox 612 684 723 748; x_wconf 91' lang='lat' dir='ltr'>motus,</span> <span class='ocrx_word' id='word_1_27' title='bbox 738 696 835 754; x_wconf 90' lang='lat' dir='ltr'>neque</span> <span class='ocrx_word' id='word_1_28' title='bbox 850 679 978 736; x_wconf 88' lang='lat' dir='ltr'>multum</span> <span class='ocrx_word' id='word_1_29' title='bbox 994 697 1047 738; x_wconf 86' lang='lat' dir='ltr'>aes·</span> 
     </span>
     <span class='ocr_line' id='line_1_6' title="bbox 164 757 1099 840; baseline 0.003 -27"><span class='ocrx_word' id='word_1_30' title='bbox 164 757 239 814; x_wconf 86' lang='lat' dir='ltr'>tatis</span> <span class='ocrx_word' id='word_1_31' title='bbox 255 763 434 835; x_wconf 84' lang='lat' dir='ltr'>superesset,</span> <span class='ocrx_word' id='word_1_32' title='bbox 448 764 538 832; x_wconf 89' lang='lat' dir='ltr'>atquc</span> <span class='ocrx_word' id='word_1_33' title='bbox 554 757 584 815; x_wconf 94' lang='lat' dir='ltr'>id</span> <span class='ocrx_word' id='word_1_34' title='bbox 600 757 685 815; x_wconf 88' lang='lat' dir='ltr'>facile</span> <span class='ocrx_word' id='word_1_35' title='bbox 700 758 819 816; x_wconf 79' lang='lat' dir='ltr'><strong>extrahi</strong></span> <span class='ocrx_word' id='word_1_36' title='bbox 836 775 925 833; x_wconf 89' lang='lat' dir='ltr'>posse</span> <span class='ocrx_word' id='word_1_37' title='bbox 939 759 1048 816; x_wconf 88' lang='lat' dir='ltr'>intelli·</span> <span class='ocrx_word' id='word_1_38' title='bbox 1081 783 1099 840; x_wconf 77' lang='lat'><strong>5</strong></span> 
     </span>
    </p>
   </div>
   <div class='ocr_carea' id='block_1_3' title="bbox 134 836 1097 3544">
    <p class='ocr_par' dir='ltr' id='par_1_3' title="bbox 162 836 1047 1138">
     <span class='ocr_line' id='line_1_7' title="bbox 163 836 1047 914; baseline 0.005 -22"><span class='ocrx_word' id='word_1_39' title='bbox 163 842 258 910; x_wconf 86' lang='lat' dir='ltr'>geret,</span> <span class='ocrx_word' id='word_1_40' title='bbox 283 836 404 892; x_wconf 89' lang='lat' dir='ltr'>obsides</span> <span class='ocrx_word' id='word_1_41' title='bbox 428 836 557 912; x_wconf 87' lang='lat' dir='ltr'>imperat</span> <span class='ocrx_word' id='word_1_42' title='bbox 578 843 610 895; x_wconf 88' lang='lat' dir='ltr'>et</span> <span class='ocrx_word' id='word_1_43' title='bbox 634 838 706 914; x_wconf 91' lang='lat' dir='ltr'>quid</span> <span class='ocrx_word' id='word_1_44' title='bbox 732 839 763 894; x_wconf 95' lang='lat' dir='ltr'>in</span> <span class='ocrx_word' id='word_1_45' title='bbox 789 856 884 896; x_wconf 89' lang='lat' dir='ltr'>annos</span> <span class='ocrx_word' id='word_1_46' title='bbox 910 839 1047 912; x_wconf 85' lang='lat' dir='ltr'>singulos</span> 
     </span>
     <span class='ocr_line' id='line_1_8' title="bbox 163 915 1047 992; baseline 0.008 -24"><span class='ocrx_word' id='word_1_47' title='bbox 163 915 323 990; x_wconf 81' lang='lat' dir='ltr'>vectigalis</span> <span class='ocrx_word' id='word_1_48' title='bbox 344 916 458 990; x_wconf 90' lang='lat' dir='ltr'>populo</span> <span class='ocrx_word' id='word_1_49' title='bbox 478 917 618 975; x_wconf 82' lang='lat' dir='ltr'>Romano</span> <span class='ocrx_word' id='word_1_50' title='bbox 638 916 799 975; x_wconf 81' lang='lat' dir='ltr'>Britannia</span> <span class='ocrx_word' id='word_1_51' title='bbox 820 918 965 992; x_wconf 90' lang='lat' dir='ltr'>penderet</span> <span class='ocrx_word' id='word_1_52' title='bbox 979 936 1047 975; x_wconf 93' lang='lat' dir='ltr'>con-</span> 
     </span>
     <span class='ocr_line' id='line_1_9' title="bbox 165 995 1046 1072; baseline 0.005 -20"><span class='ocrx_word' id='word_1_53' title='bbox 165 995 287 1068; x_wconf 84' lang='lat' dir='ltr'>stituit3</span> <span class='ocrx_word' id='word_1_54' title='bbox 309 995 462 1054; x_wconf 77' lang='lat' dir='ltr'>interdicit</span> <span class='ocrx_word' id='word_1_55' title='bbox 483 1003 572 1072; x_wconf 91' lang='lat' dir='ltr'>atque</span> <span class='ocrx_word' id='word_1_56' title='bbox 594 997 723 1072; x_wconf 90' lang='lat' dir='ltr'>imperat</span> <span class='ocrx_word' id='word_1_57' title='bbox 745 998 985 1070; x_wconf 77' lang='lat' dir='ltr'>Cassivellauno,</span> <span class='ocrx_word' id='word_1_58' title='bbox 1008 1015 1046 1056; x_wconf 89' lang='lat' dir='ltr'>ne</span> 
     </span>
     <span class='ocr_line' id='line_1_10' title="bbox 162 1075 836 1138; baseline 0.006 -6"><span class='ocrx_word' id='word_1_59' title='bbox 162 1075 383 1132; x_wconf 81' lang='lat' dir='ltr'>Mandubracio</span> <span class='ocrx_word' id='word_1_60' title='bbox 398 1093 456 1134; x_wconf 88' lang='lat' dir='ltr'>neu</span> <span class='ocrx_word' id='word_1_61' title='bbox 471 1075 708 1135; x_wconf 84' lang='lat' dir='ltr'>Trinobantibus</span> <span class='ocrx_word' id='word_1_62' title='bbox 722 1083 836 1138; x_wconf 89' lang='lat' dir='ltr'>noceat.</span> 
     </span>
    </p>

    <p class='ocr_par' dir='ltr' id='par_1_4' title="bbox 134 1153 1097 2591">
     <span class='ocr_line' id='line_1_11' title="bbox 204 1153 1097 1236; baseline 0.004 -24"><span class='ocrx_word' id='word_1_63' title='bbox 204 1158 250 1212; x_wconf 78' lang='lat'>23.</span> <span class='ocrx_word' id='word_1_64' title='bbox 275 1153 440 1212; x_wconf 86' lang='lat' dir='ltr'>Obsidibus</span> <span class='ocrx_word' id='word_1_65' title='bbox 456 1158 587 1232; x_wconf 85' lang='lat' dir='ltr'>acceptia</span> <span class='ocrx_word' id='word_1_66' title='bbox 598 1157 763 1214; x_wconf 84' lang='lat' dir='ltr'>exercitum</span> <span class='ocrx_word' id='word_1_67' title='bbox 774 1157 891 1215; x_wconf 83' lang='lat' dir='ltr'>reducit</span> <span class='ocrx_word' id='word_1_68' title='bbox 902 1156 939 1214; x_wconf 90' lang='lat' dir='ltr'>ad</span> <span class='ocrx_word' id='word_1_69' title='bbox 952 1174 1043 1230; x_wconf 88' lang='lat' dir='ltr'>mare,</span> <span class='ocrx_word' id='word_1_70' title='bbox 1063 1178 1097 1236; x_wconf 78' lang='lat'>10</span> 
     </span>
     <span class='ocr_line' id='line_1_12' title="bbox 134 1231 1045 1314; baseline 0.003 -23"><span class='ocrx_word' id='word_1_71' title='bbox 134 1231 136 1234; x_wconf 74' lang='grc'><strong>’</strong></span> <span class='ocrx_word' id='word_1_72' title='bbox 162 1252 258 1292; x_wconf 88' lang='lat' dir='ltr'>naves</span> <span class='ocrx_word' id='word_1_73' title='bbox 274 1234 391 1292; x_wconf 89' lang='lat' dir='ltr'>invenit</span> <span class='ocrx_word' id='word_1_74' title='bbox 404 1235 540 1294; x_wconf 84' lang='lat' dir='ltr'>refectas.</span> <span class='ocrx_word' id='word_1_75' title='bbox 583 1236 644 1293; x_wconf 92' lang='lat' dir='ltr'>His</span> <span class='ocrx_word' id='word_1_76' title='bbox 665 1236 813 1308; x_wconf 71' lang='lat' dir='ltr'>deductis</span> <span class='ocrx_word' id='word_1_77' title='bbox 829 1237 909 1314; x_wconf 89' lang='lat' dir='ltr'>quod</span> <span class='ocrx_word' id='word_1_78' title='bbox 929 1243 961 1294; x_wconf 93' lang='lat' dir='ltr'>et</span> <span class='ocrx_word' id='word_1_79' title='bbox 977 1256 1045 1312; x_wconf 90' lang='lat' dir='ltr'>cap-</span> 
     </span>
     <span class='ocr_line' id='line_1_13' title="bbox 162 1315 1044 1390; baseline 0.005 -19"><span class='ocrx_word' id='word_1_80' title='bbox 162 1315 295 1371; x_wconf 90' lang='lat' dir='ltr'>tivorum</span> <span class='ocrx_word' id='word_1_81' title='bbox 324 1329 469 1390; x_wconf 81' lang='lat' dir='ltr'>magnum</span> <span class='ocrx_word' id='word_1_82' title='bbox 494 1333 651 1373; x_wconf 91' lang='lat' dir='ltr'>numerum</span> <span class='ocrx_word' id='word_1_83' title='bbox 677 1316 816 1387; x_wconf 87' lang='lat' dir='ltr'>habebat,</span> <span class='ocrx_word' id='word_1_84' title='bbox 839 1323 871 1374; x_wconf 92' lang='lat' dir='ltr'>et</span> <span class='ocrx_word' id='word_1_85' title='bbox 893 1318 1044 1375; x_wconf 84' lang='lat' dir='ltr'>nonnullae</span> 
     </span>
     <span class='ocr_line' id='line_1_14' title="bbox 162 1394 1043 1470; baseline 0.005 -19"><span class='ocrx_word' id='word_1_86' title='bbox 162 1400 346 1468; x_wconf 84' lang='lat' dir='ltr'>tempestate</span> <span class='ocrx_word' id='word_1_87' title='bbox 362 1394 551 1470; x_wconf 85' lang='lat' dir='ltr'>deperierant</span> <span class='ocrx_word' id='word_1_88' title='bbox 566 1413 669 1467; x_wconf 86' lang='lat' dir='ltr'>naves,</span> <span class='ocrx_word' id='word_1_89' title='bbox 686 1397 804 1454; x_wconf 87' lang='lat' dir='ltr'>duobus</span> <span class='ocrx_word' id='word_1_90' title='bbox 825 1398 1043 1455; x_wconf 84' lang='lat' dir='ltr'>commeatibus</span> 
     </span>
     <span class='ocr_line' id='line_1_15' title="bbox 162 1475 1045 1550; baseline 0.003 -18"><span class='ocrx_word' id='word_1_91' title='bbox 162 1475 326 1532; x_wconf 84' lang='lat' dir='ltr'>exercitam</span> <span class='ocrx_word' id='word_1_92' title='bbox 342 1480 494 1550; x_wconf 87' lang='lat' dir='ltr'>reportare</span> <span class='ocrx_word' id='word_1_93' title='bbox 509 1475 650 1534; x_wconf 88' lang='lat' dir='ltr'>instituit.</span> <span class='ocrx_word' id='word_1_94' title='bbox 693 1476 741 1535; x_wconf 87' lang='lat' dir='ltr'>Ac</span> <span class='ocrx_word' id='word_1_95' title='bbox 755 1477 800 1534; x_wconf 90' lang='lat' dir='ltr'>sic</span> <span class='ocrx_word' id='word_1_96' title='bbox 814 1477 932 1546; x_wconf 84' lang='lat' dir='ltr'>accidit,</span> <span class='ocrx_word' id='word_1_97' title='bbox 947 1477 993 1533; x_wconf 89' lang='lat' dir='ltr'>uti</span> <span class='ocrx_word' id='word_1_98' title='bbox 1007 1495 1045 1535; x_wconf 85' lang='lat' dir='ltr'>ex</span> 
     </span>
     <span class='ocr_line' id='line_1_16' title="bbox 162 1554 1094 1632; baseline 0.006 -22"><span class='ocrx_word' id='word_1_99' title='bbox 162 1559 248 1612; x_wconf 91' lang='lat' dir='ltr'>tanto</span> <span class='ocrx_word' id='word_1_100' title='bbox 264 1554 388 1611; x_wconf 91' lang='lat' dir='ltr'>navium</span> <span class='ocrx_word' id='word_1_101' title='bbox 404 1572 535 1626; x_wconf 87' lang='lat' dir='ltr'>numero,</span> <span class='ocrx_word' id='word_1_102' title='bbox 547 1562 594 1613; x_wconf 90' lang='lat' dir='ltr'>tot</span> <span class='ocrx_word' id='word_1_103' title='bbox 607 1555 865 1631; x_wconf 83' lang='lat' dir='ltr'>navigationibus,</span> <span class='ocrx_word' id='word_1_104' title='bbox 876 1574 971 1632; x_wconf 88' lang='lat' dir='ltr'>nequo</span> <span class='ocrx_word' id='word_1_105' title='bbox 987 1557 1043 1615; x_wconf 89' lang='lat' dir='ltr'>boc</span> <span class='ocrx_word' id='word_1_106' title='bbox 1059 1575 1094 1632; x_wconf 87' lang='lat'>15</span> 
     </span>
     <span class='ocr_line' id='line_1_17' title="bbox 162 1635 1043 1714; baseline 0.003 -23"><span class='ocrx_word' id='word_1_107' title='bbox 162 1653 259 1710; x_wconf 86' lang='lat' dir='ltr'>neque</span> <span class='ocrx_word' id='word_1_108' title='bbox 275 1635 427 1709; x_wconf 88' lang='lat' dir='ltr'>superiore</span> <span class='ocrx_word' id='word_1_109' title='bbox 442 1653 522 1692; x_wconf 90' lang='lat' dir='ltr'>anno</span> <span class='ocrx_word' id='word_1_110' title='bbox 534 1636 595 1692; x_wconf 91' lang='lat' dir='ltr'>ulla</span> <span class='ocrx_word' id='word_1_111' title='bbox 609 1636 731 1693; x_wconf 88' lang='lat' dir='ltr'>omnino</span> <span class='ocrx_word' id='word_1_112' title='bbox 746 1637 842 1707; x_wconf 90' lang='lat' dir='ltr'>navis,</span> <span class='ocrx_word' id='word_1_113' title='bbox 853 1654 918 1714; x_wconf 87' lang='lat' dir='ltr'>qaae</span> <span class='ocrx_word' id='word_1_114' title='bbox 931 1637 1043 1695; x_wconf 88' lang='lat' dir='ltr'>milites</span> 
     </span>
     <span class='ocr_line' id='line_1_18' title="bbox 161 1714 1044 1792; baseline 0.005 -21"><span class='ocrx_word' id='word_1_115' title='bbox 161 1720 306 1790; x_wconf 87' lang='lat' dir='ltr'>portaret,</span> <span class='ocrx_word' id='word_1_116' title='bbox 330 1714 569 1790; x_wconf 81' lang='lat' dir='ltr'>desideraretur3</span> <span class='ocrx_word' id='word_1_117' title='bbox 600 1720 632 1773; x_wconf 91' lang='lat' dir='ltr'>at</span> <span class='ocrx_word' id='word_1_118' title='bbox 658 1734 695 1774; x_wconf 85' lang='lat' dir='ltr'>ex</span> <span class='ocrx_word' id='word_1_119' title='bbox 718 1716 763 1788; x_wconf 78' lang='lat' dir='ltr'>iia,</span> <span class='ocrx_word' id='word_1_120' title='bbox 787 1735 852 1792; x_wconf 85' lang='lat' dir='ltr'>quae</span> <span class='ocrx_word' id='word_1_121' title='bbox 877 1717 984 1774; x_wconf 89' lang='lat' dir='ltr'>inanes</span> <span class='ocrx_word' id='word_1_122' title='bbox 1006 1736 1044 1775; x_wconf 83' lang='lat' dir='ltr'>ex</span> 
     </span>
     <span class='ocr_line' id='line_1_19' title="bbox 162 1794 1042 1872; baseline 0.001 -19"><span class='ocrx_word' id='word_1_123' title='bbox 162 1794 330 1853; x_wconf 90' lang='lat' dir='ltr'>continenti</span> <span class='ocrx_word' id='word_1_124' title='bbox 346 1795 384 1853; x_wconf 96' lang='lat' dir='ltr'>ad</span> <span class='ocrx_word' id='word_1_125' title='bbox 399 1812 467 1852; x_wconf 89' lang='lat' dir='ltr'>eum</span> <span class='ocrx_word' id='word_1_126' title='bbox 481 1795 707 1853; x_wconf 84' lang='lat' dir='ltr'>remitterentur</span> <span class='ocrx_word' id='word_1_127' title='bbox 721 1802 752 1854; x_wconf 88' lang='lat' dir='ltr'>et</span> <span class='ocrx_word' id='word_1_128' title='bbox 765 1797 874 1872; x_wconf 90' lang='lat' dir='ltr'>prioris</span> <span class='ocrx_word' id='word_1_129' title='bbox 895 1815 1042 1855; x_wconf 80' lang='lat' dir='ltr'>commea</span> 
     </span>
     <span class='ocr_line' id='line_1_20' title="bbox 161 1874 1042 1951; baseline 0.002 -19"><span class='ocrx_word' id='word_1_130' title='bbox 161 1880 213 1932; x_wconf 85' lang='lat' dir='ltr'>tus</span> <span class='ocrx_word' id='word_1_131' title='bbox 241 1874 386 1950; x_wconf 84' lang='lat' dir='ltr'>expositis</span> <span class='ocrx_word' id='word_1_132' title='bbox 415 1875 571 1946; x_wconf 88' lang='lat' dir='ltr'>militibus,</span> <span class='ocrx_word' id='word_1_133' title='bbox 594 1881 625 1933; x_wconf 88' lang='lat' dir='ltr'>et</span> <span class='ocrx_word' id='word_1_134' title='bbox 652 1893 728 1950; x_wconf 90' lang='lat' dir='ltr'>quas</span> <span class='ocrx_word' id='word_1_135' title='bbox 754 1882 861 1951; x_wconf 88' lang='lat' dir='ltr'>postea</span> <span class='ocrx_word' id='word_1_136' title='bbox 889 1877 1042 1934; x_wconf 88' lang='lat' dir='ltr'>Labienus</span> 
     </span>
     <span class='ocr_line' id='line_1_21' title="bbox 162 1955 1093 2032; baseline 0.003 -21"><span class='ocrx_word' id='word_1_137' title='bbox 162 1955 319 2012; x_wconf 87' lang='lat' dir='ltr'>faciendas</span> <span class='ocrx_word' id='word_1_138' title='bbox 346 1962 504 2012; x_wconf 88' lang='lat' dir='ltr'>curaverat</span> <span class='ocrx_word' id='word_1_139' title='bbox 532 1972 656 2012; x_wconf 90' lang='lat' dir='ltr'>numero</span> <span class='ocrx_word' id='word_1_140' title='bbox 688 1956 856 2030; x_wconf 83' lang='lat' dir='ltr'>sexaginta,</span> <span class='ocrx_word' id='word_1_141' title='bbox 886 1974 1041 2032; x_wconf 74' lang='lat' dir='ltr'>perpaucae</span> <span class='ocrx_word' id='word_1_142' title='bbox 1056 1972 1093 2030; x_wconf 79' lang='lat'>20</span> 
     </span>
     <span class='ocr_line' id='line_1_22' title="bbox 161 2035 1040 2111; baseline 0.001 -20"><span class='ocrx_word' id='word_1_143' title='bbox 161 2035 262 2093; x_wconf 92' lang='lat' dir='ltr'>locum</span> <span class='ocrx_word' id='word_1_144' title='bbox 291 2041 451 2110; x_wconf 87' lang='lat' dir='ltr'>caperent;</span> <span class='ocrx_word' id='word_1_145' title='bbox 478 2035 599 2111; x_wconf 87' lang='lat' dir='ltr'>reliqnae</span> <span class='ocrx_word' id='word_1_146' title='bbox 627 2035 688 2092; x_wconf 84' lang='lat' dir='ltr'>fere</span> <span class='ocrx_word' id='word_1_147' title='bbox 716 2054 820 2093; x_wconf 90' lang='lat' dir='ltr'>omnes</span> <span class='ocrx_word' id='word_1_148' title='bbox 842 2038 1040 2110; x_wconf 88' lang='lat' dir='ltr'>rejicerentur.</span> 
     </span>
     <span class='ocr_line' id='line_1_23' title="bbox 163 2114 1040 2191; baseline 0.005 -21"><span class='ocrx_word' id='word_1_149' title='bbox 163 2114 248 2188; x_wconf 80' lang='lat' dir='ltr'>Quas</span> <span class='ocrx_word' id='word_1_150' title='bbox 259 2132 327 2172; x_wconf 90' lang='lat' dir='ltr'>cum</span> <span class='ocrx_word' id='word_1_151' title='bbox 343 2114 528 2190; x_wconf 88' lang='lat' dir='ltr'>aliquamdiu</span> <span class='ocrx_word' id='word_1_152' title='bbox 539 2115 642 2174; x_wconf 83' lang='lat' dir='ltr'>Oaesar</span> <span class='ocrx_word' id='word_1_153' title='bbox 652 2116 763 2174; x_wconf 83' lang='lat' dir='ltr'>frustra</span> <span class='ocrx_word' id='word_1_154' title='bbox 777 2123 992 2191; x_wconf 88' lang='lat' dir='ltr'>exspectasset,</span> <span class='ocrx_word' id='word_1_155' title='bbox 1003 2134 1040 2174; x_wconf 89' lang='lat' dir='ltr'>ne</span> 
     </span>
     <span class='ocr_line' id='line_1_24' title="bbox 162 2194 1042 2273; baseline 0.003 -22"><span class='ocrx_word' id='word_1_156' title='bbox 162 2194 234 2251; x_wconf 91' lang='lat' dir='ltr'>anni</span> <span class='ocrx_word' id='word_1_157' title='bbox 245 2201 381 2268; x_wconf 89' lang='lat' dir='ltr'>tempore</span> <span class='ocrx_word' id='word_1_158' title='bbox 397 2213 415 2252; x_wconf 90' lang='lat' dir='ltr'>a</span> <span class='ocrx_word' id='word_1_159' title='bbox 427 2194 849 2270; x_wconf 76' lang='lat' dir='ltr'>navigationeexcluderetur,</span> <span class='ocrx_word' id='word_1_160' title='bbox 860 2197 941 2272; x_wconf 92' lang='lat' dir='ltr'>qaod</span> <span class='ocrx_word' id='word_1_161' title='bbox 953 2199 1042 2273; x_wconf 88' lang='lat' dir='ltr'>aequi-</span> 
     </span>
     <span class='ocr_line' id='line_1_25' title="bbox 161 2274 1042 2351; baseline 0.001 -19"><span class='ocrx_word' id='word_1_162' title='bbox 161 2274 296 2332; x_wconf 91' lang='lat' dir='ltr'>noctium</span> <span class='ocrx_word' id='word_1_163' title='bbox 312 2275 444 2345; x_wconf 90' lang='lat' dir='ltr'>suberat,</span> <span class='ocrx_word' id='word_1_164' title='bbox 460 2275 630 2332; x_wconf 87' lang='lat' dir='ltr'>necessario</span> <span class='ocrx_word' id='word_1_165' title='bbox 652 2276 812 2351; x_wconf 82' lang='lat' dir='ltr'>angustius</span> <span class='ocrx_word' id='word_1_166' title='bbox 827 2277 939 2334; x_wconf 87' lang='lat' dir='ltr'>milites</span> <span class='ocrx_word' id='word_1_167' title='bbox 954 2277 1042 2335; x_wconf 91' lang='lat' dir='ltr'>collo·</span> 
     </span>
     <span class='ocr_line' id='line_1_26' title="bbox 162 2353 1093 2431; baseline 0.004 -21"><span class='ocrx_word' id='word_1_168' title='bbox 162 2353 253 2425; x_wconf 90' lang='lat' dir='ltr'>cavit,</span> <span class='ocrx_word' id='word_1_169' title='bbox 276 2372 311 2411; x_wconf 91' lang='lat' dir='ltr'>ac</span> <span class='ocrx_word' id='word_1_170' title='bbox 336 2372 456 2412; x_wconf 85' lang='lat' dir='ltr'>summa</span> <span class='ocrx_word' id='word_1_171' title='bbox 477 2355 698 2431; x_wconf 88' lang='lat' dir='ltr'>tranquillitate</span> <span class='ocrx_word' id='word_1_172' title='bbox 718 2363 887 2427; x_wconf 87' lang='lat' dir='ltr'>consecuta,</span> <span class='ocrx_word' id='word_1_173' title='bbox 911 2358 1041 2416; x_wconf 90' lang='lat' dir='ltr'>secunda</span> <span class='ocrx_word' id='word_1_174' title='bbox 1055 2369 1093 2426; x_wconf 79' lang='lat'>25</span> 
     </span>
     <span class='ocr_line' id='line_1_27' title="bbox 162 2433 1042 2514; baseline 0.007 -24"><span class='ocrx_word' id='word_1_175' title='bbox 162 2433 238 2491; x_wconf 91' lang='lat' dir='ltr'>inita</span> <span class='ocrx_word' id='word_1_176' title='bbox 252 2451 320 2491; x_wconf 92' lang='lat' dir='ltr'>cum</span> <span class='ocrx_word' id='word_1_177' title='bbox 335 2434 478 2492; x_wconf 87' lang='lat' dir='ltr'>solvisset</span> <span class='ocrx_word' id='word_1_178' title='bbox 492 2436 606 2510; x_wconf 81' lang='lat' dir='ltr'>vigilia,</span> <span class='ocrx_word' id='word_1_179' title='bbox 617 2436 715 2510; x_wconf 90' lang='lat' dir='ltr'>prima</span> <span class='ocrx_word' id='word_1_180' title='bbox 729 2437 794 2494; x_wconf 91' lang='lat' dir='ltr'>luce</span> <span class='ocrx_word' id='word_1_181' title='bbox 809 2443 920 2495; x_wconf 85' lang='lat' dir='ltr'>terram</span> <span class='ocrx_word' id='word_1_182' title='bbox 935 2438 1042 2514; x_wconf 81' lang='lat' dir='ltr'>attigit</span> 
     </span>
     <span class='ocr_line' id='line_1_28' title="bbox 162 2513 773 2591; baseline 0.003 -20"><span class='ocrx_word' id='word_1_183' title='bbox 162 2531 326 2588; x_wconf 87' lang='lat' dir='ltr'>omnesque</span> <span class='ocrx_word' id='word_1_184' title='bbox 340 2513 505 2572; x_wconf 90' lang='lat' dir='ltr'>incolumes</span> <span class='ocrx_word' id='word_1_185' title='bbox 520 2533 614 2572; x_wconf 90' lang='lat' dir='ltr'>naves</span> <span class='ocrx_word' id='word_1_186' title='bbox 627 2516 773 2591; x_wconf 83' lang='lat' dir='ltr'>perduxit.</span> 
     </span>
    </p>

    <p class='ocr_par' dir='ltr' id='par_1_5' title="bbox 159 2593 1092 3544">
     <span class='ocr_line' id='line_1_29' title="bbox 202 2593 1042 2672; baseline 0.007 -22"><span class='ocrx_word' id='word_1_187' title='bbox 202 2596 248 2651; x_wconf 78' lang='lat'>24.</span> <span class='ocrx_word' id='word_1_188' title='bbox 273 2593 437 2651; x_wconf 88' lang='lat' dir='ltr'>Subductis</span> <span class='ocrx_word' id='word_1_189' title='bbox 459 2595 589 2652; x_wconf 89' lang='lat' dir='ltr'>navibus</span> <span class='ocrx_word' id='word_1_190' title='bbox 610 2596 793 2672; x_wconf 88' lang='lat' dir='ltr'>concilioque</span> <span class='ocrx_word' id='word_1_191' title='bbox 810 2595 965 2655; x_wconf 81' lang='lat' dir='ltr'>Gallorum</span> <span class='ocrx_word' id='word_1_192' title='bbox 988 2597 1042 2656; x_wconf 84' lang='lat' dir='ltr'>Sa-</span> 
     </span>
     <span class='ocr_line' id='line_1_30' title="bbox 161 2673 1040 2750; baseline 0.006 -20"><span class='ocrx_word' id='word_1_193' title='bbox 161 2673 340 2731; x_wconf 80' lang='lat' dir='ltr'>maronrivae</span> <span class='ocrx_word' id='word_1_194' title='bbox 367 2679 499 2749; x_wconf 90' lang='lat' dir='ltr'>peracto,</span> <span class='ocrx_word' id='word_1_195' title='bbox 522 2674 602 2750; x_wconf 92' lang='lat' dir='ltr'>quod</span> <span class='ocrx_word' id='word_1_196' title='bbox 630 2693 666 2732; x_wconf 89' lang='lat' dir='ltr'>eo</span> <span class='ocrx_word' id='word_1_197' title='bbox 691 2693 769 2732; x_wconf 88' lang='lat' dir='ltr'>anno</span> <span class='ocrx_word' id='word_1_198' title='bbox 797 2676 980 2735; x_wconf 84' lang='lat' dir='ltr'>frumentum</span> <span class='ocrx_word' id='word_1_199' title='bbox 1008 2679 1040 2735; x_wconf 92' lang='lat' dir='ltr'>in</span> 
     </span>
     <span class='ocr_line' id='line_1_31' title="bbox 162 2752 1092 2831; baseline 0.005 -19"><span class='ocrx_word' id='word_1_200' title='bbox 162 2752 262 2812; x_wconf 81' lang='lat' dir='ltr'>Gallia</span> <span class='ocrx_word' id='word_1_201' title='bbox 276 2759 398 2829; x_wconf 88' lang='lat' dir='ltr'>propter</span> <span class='ocrx_word' id='word_1_202' title='bbox 412 2754 564 2812; x_wconf 84' lang='lat' dir='ltr'>siccitates</span> <span class='ocrx_word' id='word_1_203' title='bbox 579 2755 739 2829; x_wconf 84' lang='lat' dir='ltr'>angustius</span> <span class='ocrx_word' id='word_1_204' title='bbox 753 2766 942 2831; x_wconf 86' lang='lat' dir='ltr'>provenerat,</span> <span class='ocrx_word' id='word_1_205' title='bbox 958 2776 1040 2817; x_wconf 89' lang='lat' dir='ltr'>coao-</span> <span class='ocrx_word' id='word_1_206' title='bbox 1054 2769 1092 2827; x_wconf 85' lang='lat'>30</span> 
     </span>
     <span class='ocr_line' id='line_1_32' title="bbox 160 2833 1039 2910; baseline 0.008 -21"><span class='ocrx_word' id='word_1_207' title='bbox 160 2837 211 2890; x_wconf 87' lang='lat' dir='ltr'>tus</span> <span class='ocrx_word' id='word_1_208' title='bbox 239 2838 288 2891; x_wconf 85' lang='lat' dir='ltr'>est</span> <span class='ocrx_word' id='word_1_209' title='bbox 310 2833 398 2891; x_wconf 90' lang='lat' dir='ltr'>aliter</span> <span class='ocrx_word' id='word_1_210' title='bbox 420 2852 455 2892; x_wconf 92' lang='lat' dir='ltr'>ac</span> <span class='ocrx_word' id='word_1_211' title='bbox 479 2835 682 2910; x_wconf 85' lang='lat' dir='ltr'>superioribus</span> <span class='ocrx_word' id='word_1_212' title='bbox 704 2837 793 2892; x_wconf 90' lang='lat' dir='ltr'>annis</span> <span class='ocrx_word' id='word_1_213' title='bbox 815 2838 980 2895; x_wconf 88' lang='lat' dir='ltr'>exercitum</span> <span class='ocrx_word' id='word_1_214' title='bbox 1008 2839 1039 2896; x_wconf 90' lang='lat' dir='ltr'>in</span> 
     </span>
     <span class='ocr_line' id='line_1_33' title="bbox 162 2911 1039 2990; baseline 0.008 -21"><span class='ocrx_word' id='word_1_215' title='bbox 162 2911 296 2970; x_wconf 88' lang='lat' dir='ltr'>hibernis</span> <span class='ocrx_word' id='word_1_216' title='bbox 319 2914 473 2985; x_wconf 87' lang='lat' dir='ltr'>collocare,</span> <span class='ocrx_word' id='word_1_217' title='bbox 501 2913 693 2990; x_wconf 83' lang='lat' dir='ltr'>legionesque</span> <span class='ocrx_word' id='word_1_218' title='bbox 719 2916 750 2972; x_wconf 91' lang='lat' dir='ltr'>in</span> <span class='ocrx_word' id='word_1_219' title='bbox 775 2915 875 2990; x_wconf 89' lang='lat' dir='ltr'>plures</span> <span class='ocrx_word' id='word_1_220' title='bbox 898 2917 1039 2976; x_wconf 88' lang='lat' dir='ltr'>civitates</span> 
     </span>
     <span class='ocr_line' id='line_1_34' title="bbox 161 2992 1037 3070; baseline 0.007 -21"><span class='ocrx_word' id='word_1_221' title='bbox 161 2992 357 3051; x_wconf 86' lang='lat' dir='ltr'>distribuere:</span> <span class='ocrx_word' id='word_1_222' title='bbox 380 3012 417 3052; x_wconf 86' lang='lat' dir='ltr'>ex</span> <span class='ocrx_word' id='word_1_223' title='bbox 430 2994 541 3070; x_wconf 88' lang='lat' dir='ltr'>quibus</span> <span class='ocrx_word' id='word_1_224' title='bbox 563 3012 653 3051; x_wconf 90' lang='lat' dir='ltr'>unam</span> <span class='ocrx_word' id='word_1_225' title='bbox 669 2995 700 3051; x_wconf 92' lang='lat' dir='ltr'>in</span> <span class='ocrx_word' id='word_1_226' title='bbox 716 2994 854 3053; x_wconf 89' lang='lat' dir='ltr'>Morinos</span> <span class='ocrx_word' id='word_1_227' title='bbox 869 2997 1037 3055; x_wconf 87' lang='lat' dir='ltr'>ducendam</span> 
     </span>
     <span class='ocr_line' id='line_1_35' title="bbox 162 3071 1040 3152; baseline 0.005 -23"><span class='ocrx_word' id='word_1_228' title='bbox 162 3071 237 3130; x_wconf 82' lang='lat' dir='ltr'>Oaio</span> <span class='ocrx_word' id='word_1_229' title='bbox 253 3072 350 3131; x_wconf 84' lang='lat' dir='ltr'>Fabio</span> <span class='ocrx_word' id='word_1_230' title='bbox 371 3074 472 3152; x_wconf 83' lang='lat' dir='ltr'>legato</span> <span class='ocrx_word' id='word_1_231' title='bbox 488 3075 588 3147; x_wconf 82' lang='lat' dir='ltr'>dedit3</span> <span class='ocrx_word' id='word_1_232' title='bbox 610 3074 736 3132; x_wconf 88' lang='lat' dir='ltr'>alteram</span> <span class='ocrx_word' id='word_1_233' title='bbox 752 3076 782 3131; x_wconf 94' lang='lat' dir='ltr'>in</span> <span class='ocrx_word' id='word_1_234' title='bbox 799 3075 931 3134; x_wconf 89' lang='lat' dir='ltr'>Nervios</span> <span class='ocrx_word' id='word_1_235' title='bbox 947 3076 1040 3150; x_wconf 80' lang='lat' dir='ltr'>Quin-</span> 
     </span>
     <span class='ocr_line' id='line_1_36' title="bbox 161 3151 1088 3230; baseline 0.004 -22"><span class='ocrx_word' id='word_1_236' title='bbox 161 3158 194 3208; x_wconf 93' lang='lat' dir='ltr'>to</span> <span class='ocrx_word' id='word_1_237' title='bbox 216 3151 352 3210; x_wconf 80' lang='lat' dir='ltr'>Ciceroni</span> <span class='ocrx_word' id='word_1_238' title='bbox 363 3174 370 3228; x_wconf 88' lang='lat'>;</span> <span class='ocrx_word' id='word_1_239' title='bbox 381 3155 501 3212; x_wconf 89' lang='lat' dir='ltr'>tertiam</span> <span class='ocrx_word' id='word_1_240' title='bbox 514 3155 544 3211; x_wconf 91' lang='lat' dir='ltr'>in</span> <span class='ocrx_word' id='word_1_241' title='bbox 557 3155 690 3212; x_wconf 84' lang='lat' dir='ltr'>Esubios</span> <span class='ocrx_word' id='word_1_242' title='bbox 700 3155 795 3212; x_wconf 87' lang='lat' dir='ltr'>Lucio</span> <span class='ocrx_word' id='word_1_243' title='bbox 805 3155 936 3230; x_wconf 80' lang='lat' dir='ltr'>Rosci03</span> <span class='ocrx_word' id='word_1_244' title='bbox 952 3174 1038 3230; x_wconf 86' lang='lat' dir='ltr'>quar·</span> <span class='ocrx_word' id='word_1_245' title='bbox 1052 3163 1088 3220; x_wconf 83' lang='lat'>35</span> 
     </span>
     <span class='ocr_line' id='line_1_37' title="bbox 159 3232 1038 3293; baseline 0.005 -5"><span class='ocrx_word' id='word_1_246' title='bbox 159 3236 223 3289; x_wconf 91' lang='lat' dir='ltr'>tam</span> <span class='ocrx_word' id='word_1_247' title='bbox 245 3232 276 3290; x_wconf 94' lang='lat' dir='ltr'>in</span> <span class='ocrx_word' id='word_1_248' title='bbox 298 3232 404 3291; x_wconf 88' lang='lat' dir='ltr'>Remis</span> <span class='ocrx_word' id='word_1_249' title='bbox 425 3252 493 3291; x_wconf 94' lang='lat' dir='ltr'>cnm</span> <span class='ocrx_word' id='word_1_250' title='bbox 509 3235 579 3292; x_wconf 80' lang='lat' dir='ltr'>&#39;l&#39;ito</span> <span class='ocrx_word' id='word_1_251' title='bbox 595 3235 732 3292; x_wconf 90' lang='lat' dir='ltr'>Labieno</span> <span class='ocrx_word' id='word_1_252' title='bbox 747 3235 778 3292; x_wconf 94' lang='lat' dir='ltr'>in</span> <span class='ocrx_word' id='word_1_253' title='bbox 793 3235 920 3293; x_wconf 90' lang='lat' dir='ltr'>confinio</span> <span class='ocrx_word' id='word_1_254' title='bbox 937 3236 1038 3293; x_wconf 85' lang='lat' dir='ltr'>Trevi-</span> 
     </span>
     <span class='ocr_line' id='line_1_38' title="bbox 160 3311 1038 3389; baseline 0.002 -21"><span class='ocrx_word' id='word_1_255' title='bbox 160 3327 261 3369; x_wconf 89' lang='lat' dir='ltr'>rorum</span> <span class='ocrx_word' id='word_1_256' title='bbox 277 3311 409 3372; x_wconf 89' lang='lat' dir='ltr'>hiemare</span> <span class='ocrx_word' id='word_1_257' title='bbox 418 3315 529 3389; x_wconf 87' lang='lat' dir='ltr'>jussit;</span> <span class='ocrx_word' id='word_1_258' title='bbox 549 3320 612 3372; x_wconf 89' lang='lat' dir='ltr'>tres</span> <span class='ocrx_word' id='word_1_259' title='bbox 626 3315 657 3371; x_wconf 91' lang='lat' dir='ltr'>in</span> <span class='ocrx_word' id='word_1_260' title='bbox 673 3315 779 3388; x_wconf 77' lang='lat' dir='ltr'>Belgis</span> <span class='ocrx_word' id='word_1_261' title='bbox 790 3315 966 3371; x_wconf 88' lang='lat' dir='ltr'>collocavit:</span> <span class='ocrx_word' id='word_1_262' title='bbox 990 3314 1038 3370; x_wconf 94' lang='lat' dir='ltr'>his</span> 
     </span>
     <span class='ocr_line' id='line_1_39' title="bbox 159 3389 1038 3468; baseline -0.005 -18"><span class='ocrx_word' id='word_1_263' title='bbox 159 3389 299 3450; x_wconf 88' lang='lat' dir='ltr'>Marcum</span> <span class='ocrx_word' id='word_1_264' title='bbox 314 3391 458 3451; x_wconf 78' lang='lat' dir='ltr'>Crassum</span> <span class='ocrx_word' id='word_1_265' title='bbox 473 3400 655 3468; x_wconf 81' lang='lat' dir='ltr'>quaestorem</span> <span class='ocrx_word' id='word_1_266' title='bbox 675 3399 706 3450; x_wconf 89' lang='lat' dir='ltr'>et</span> <span class='ocrx_word' id='word_1_267' title='bbox 720 3392 848 3450; x_wconf 87' lang='lat' dir='ltr'>Lucium</span> <span class='ocrx_word' id='word_1_268' title='bbox 864 3391 1038 3447; x_wconf 88' lang='lat' dir='ltr'>Munatium</span> 
     </span>
     <span class='ocr_line' id='line_1_40' title="bbox 159 3468 1035 3544; baseline -0.005 -17"><span class='ocrx_word' id='word_1_269' title='bbox 159 3469 308 3528; x_wconf 87' lang='lat' dir='ltr'>Plancum</span> <span class='ocrx_word' id='word_1_270' title='bbox 336 3479 368 3532; x_wconf 85' lang='lat' dir='ltr'>et</span> <span class='ocrx_word' id='word_1_271' title='bbox 396 3471 505 3532; x_wconf 80' lang='lat' dir='ltr'>(laium</span> <span class='ocrx_word' id='word_1_272' title='bbox 533 3472 719 3530; x_wconf 81' lang='lat' dir='ltr'>Trebonium</span> <span class='ocrx_word' id='word_1_273' title='bbox 748 3470 867 3544; x_wconf 81' lang='lat' dir='ltr'>legatos</span> <span class='ocrx_word' id='word_1_274' title='bbox 894 3468 1035 3543; x_wconf 87' lang='lat' dir='ltr'>praefecit.</span> 
     </span>
    </p>
   </div>
   <div class='ocr_carea' id='block_1_4' title="bbox 0 0 1278 3774">
    <p class='ocr_par' dir='ltr' id='par_1_6' title="bbox 0 0 1278 3774">
     <span class='ocr_line' id='line_1_41' title="bbox 0 0 1278 3774; baseline 0 2"><span class='ocrx_word' id='word_1_275' title='bbox 0 0 1278 3774; x_wconf 95' lang='lat' dir='ltr'> </span> 
     </span>
    </p>
   </div>
  </div>
 </body>
</html>
