2548 3774
484 316 599 364 ursus
624 316 806 373 Quaeres.
1059 304 1100 368 81

163 466 335 542 ploratores
355 473 479 542 pontem
495 466 556 524 fieri
572 468 799 543 comperissent,
815 485 896 526 more
911 485 967 526 suo
981 486 1049 527 cou-

164 547 235 604 cilio
251 545 363 617 habito,
380 547 506 605 nuncios
528 547 558 603 in
579 565 683 604 omnes
704 554 807 622 partes
825 548 986 618 dimisisse,
1003 548 1048 606 uti

165 626 203 683 de
219 627 339 702 oppidis
360 627 574 701 demigrarent,
590 626 708 697 liberos
725 645 842 696 uxores
858 645 972 703 suaque
988 645 1049 685 om·

165 706 216 762 nia
244 707 276 765 in
299 706 393 763 silvas
415 707 607 782 deponerent,
631 713 720 781 atque
749 723 854 764 omncs
882 709 933 783 qui
962 725 1048 764 arma

164 785 241 842 serre
270 791 395 859 possent
422 804 515 843 unum
543 786 575 842 in
603 787 701 844 locum
725 786 938 845 convenirent:
968 787 1048 845 huuc
1081 791 1099 847 5

164 882 232 922 esse
257 865 406 923 delectum
429 866 561 923 medium
587 866 647 924 iere
668 866 826 941 regionum
846 884 949 924 carum
971 883 1048 942 quas

166 944 261 1003 Suevi
285 946 471 1003 obtinerent:
495 945 543 1003 hic
572 946 780 1003 Romanorum
794 948 961 1004 adventum
984 965 1049 1004 exs-

163 1030 284 1100 pectare
301 1031 391 1101 utque
413 1025 453 1081 ibi
469 1026 622 1083 decertare
644 1025 847 1084 constituisse.
891 1026 980 1099 Quod
995 1025 1048 1084 ubi

166 1103 270 1162 Oaesar
280 1105 431 1179 comperit,
442 1105 583 1162 omnibus
594 1105 643 1162 his
655 1105 744 1163 rebus
756 1105 909 1174 consectis
920 1123 1047 1181 quarum

162 1201 264 1242 rerum
279 1203 371 1242 causa
391 1185 585 1242 transducere
607 1185 771 1242 exercitum
787 1185 995 1255 constituerat,
1011 1190 1047 1243 ut
1064 1187 1099 1246 lt

165 1263 326 1322 Germanis
335 1271 449 1322 metum
461 1265 601 1339 injiceret,
612 1271 646 1323 ut
659 1264 835 1339 Sigambros
845 1264 1046 1336 ulcisceretur,

163 1349 199 1400 ut
215 1343 312 1401 Ubios
333 1344 488 1402 obsidione
511 1345 661 1415 liberaret,
677 1345 784 1402 dicbus
806 1345 928 1402 omnino
943 1345 1046 1402 decem

163 1429 195 1480 et
207 1429 275 1481 octo
286 1429 370 1481 trans
380 1425 521 1482 Rhenum
533 1425 729 1500 consumptis,
742 1425 817 1482 satis
829 1431 859 1481 et
874 1424 913 1482 ad
928 1425 1047 1482 laudem

163 1502 248 1560 etad
263 1504 425 1561 utilitatem
440 1504 607 1579 profectum
625 1505 801 1574 arbitratus
817 1522 849 1562 se
866 1504 897 1561 in
913 1504 1045 1563 Galliam

164 1583 277 1658 recepit
291 1590 471 1658 pontemque
487 1585 615 1642 rescidit.
1064 1587 1099 1644 15

209 1665 255 1720 20.
278 1663 398 1738 Exigua
420 1669 505 1739 parte
526 1664 643 1721 aestatis
663 1663 790 1739 reliqua,
812 1663 922 1732 Caesar,
938 1664 996 1720 etsi
1016 1663 1047 1720 in

165 1741 214 1799 his
229 1743 310 1813 locis,
323 1744 403 1818 quod
418 1743 516 1801 omnis
532 1744 633 1802 Gallia
645 1745 682 1801 ad
699 1744 922 1819 septentriones
938 1744 1045 1817 vergit,

164 1828 292 1880 maturae
308 1829 378 1880 sunt
393 1822 516 1893 hiemes,
532 1829 635 1881 tamen
648 1824 679 1880 in
689 1823 881 1881 Britanniam
897 1822 1046 1896 proficisci

165 1903 331 1971 contendit,
347 1903 426 1978 quod
448 1903 587 1960 omnibus
609 1904 669 1960 fore
692 1903 817 1961 Gallicis
839 1903 926 1959 bellis
957 1902 1048 1959 bosti-

165 1982 224 2039 bus
238 1983 351 2040 nostris
366 1983 434 2040 inde
457 1983 686 2040 subministrata
704 1984 818 2039 auxilia
839 1982 1046 2055 intelligebat:
1062 1984 1100 2041 20

165 2068 198 2119 et
221 2063 247 2119 si
272 2068 393 2136 tempus
415 2062 486 2120 anni
515 2063 553 2120 ad
577 2063 690 2120 bellum
712 2063 876 2136 gerendum
899 2061 1046 2131 deficeret,

165 2146 270 2199 tamen
292 2159 403 2216 magno
426 2142 483 2199 sibi
505 2143 572 2199 usui
594 2143 656 2200 forc
679 2143 888 2209 arbitrabatur,
910 2142 935 2198 si
957 2141 1047 2198 modo

165 2221 298 2279 insulam
327 2223 441 2279 adisset
468 2227 500 2279 et
528 2240 624 2297 genus
650 2222 805 2279 hominum
834 2222 1046 2296 perspexisset,

166 2300 241 2370 loca,
267 2309 382 2376 portus,
409 2302 511 2359 aditus
540 2302 748 2376 cognovisset:
770 2319 836 2377 quae
861 2301 963 2358 omnia
987 2301 1047 2358 fere

168 2381 267 2445 Gallis
281 2388 368 2439 erant
389 2381 552 2456 incognita.
596 2381 700 2456 Neque
716 2381 796 2438 cuim
811 2389 923 2437 temere
938 2387 1046 2456 preater
1061 2381 1098 2438 25

166 2467 349 2519 mercatores
370 2461 421 2518 illo
437 2461 502 2518 adit
521 2461 690 2537 quisquam,
707 2479 803 2536 neque
821 2460 858 2517 iis
874 2460 948 2536 ipsis
970 2461 1049 2535 quic·

166 2559 267 2616 quam,
283 2547 391 2616 praeter
412 2558 494 2598 oram
517 2542 701 2598 maritimam
724 2548 814 2615 atquc
832 2557 884 2598 eas
907 2540 1046 2614 regiones

166 2637 235 2696 quae
257 2627 330 2678 sunt
351 2626 456 2678 contra
477 2620 601 2690 Gallias
624 2628 730 2679 uotum
754 2626 809 2678 ost.
852 2619 960 2695 Itaque
981 2637 1049 2676 evo

166 2701 245 2758 catis
273 2701 312 2757 ad
341 2717 373 2758 se
402 2701 532 2775 undiquc
561 2701 786 2770 mercatoribus,
810 2717 905 2775 neque
934 2703 1049 2774 quanta

166 2787 249 2838 esset
275 2781 382 2838 insulae
411 2780 598 2855 magnitude,
628 2798 723 2856 neque
752 2797 817 2854 quae
846 2785 900 2835 aut
928 2780 1100 2854 quantam

166 2861 309 2918 nationes
331 2861 503 2931 incolerent,
525 2879 620 2935 noque
644 2877 734 2936 quem
757 2876 845 2915 usum
870 2858 940 2914 belli
961 2857 1050 2915 habc-

166 2946 236 2997 rcnt
273 2946 327 2998 aut
355 2942 464 3016 quibus
493 2941 643 2997 institutis
671 2944 834 3007 uterentur,
864 2955 961 3013 neque
995 2936 1048 3012 qui

166 3026 271 3078 essent
300 3021 339 3077 ad
368 3022 512 3093 maj0rum
541 3021 664 3077 navium
693 3017 920 3076 multitudinem
949 3016 1049 3075 idonei

167 3106 284 3178 portua,
300 3100 428 3173 reperire
444 3106 571 3174 poterat.

209 3181 254 3237 21.
279 3179 330 3237 Ad
352 3178 415 3236 haee
439 3178 655 3254 cognoscenda,
685 3177 861 3253 priusquam
883 3174 1049 3250 periculum
1063 3175 1100 3235 35

168 3259 291 3328 laceret,
307 3259 448 3316 idoneum
464 3277 529 3316 esse
551 3259 715 3316 arbitratus
739 3256 846 3315 (laium
860 3254 1049 3312 Volusenum

168 3356 237 3394 cum
261 3339 333 3395 navi
355 3338 448 3412 longa
470 3338 635 3414 praemittit.
680 3336 762 3394 Huic
784 3334 918 3401 mandat,
936 3334 981 3389 uti
1003 3349 1051 3388 ex-

167 3417 296 3492 ploratis
315 3418 455 3475 omnibus
478 3419 568 3475 rebus
591 3417 629 3474 ad
645 3435 676 3473 se
698 3413 933 3491 quamprimum
955 3424 1050 3496 rever-

169 3503 268 3555 tatur:
292 3497 357 3572 ipse
372 3516 439 3556 curu
456 3498 596 3555 omnibus
611 3495 704 3570 copiis
719 3495 751 3551 in
773 3491 909 3550 Morinos
923 3487 1053 3562 proficis·

308 3591 323 3638 6
