2524 3776
175 289 217 354 38
443 306 490 353 nn
515 304 637 352 nanno
662 301 838 352 urnnrco

227 455 336 514 acriter
345 457 496 533 utrimque
505 474 602 532 usque
624 455 663 514 ad
679 471 838 530 vesperum
859 457 1030 529 pugnatum
1051 456 1107 510 est.

229 535 310 595 Solis
326 555 434 594 occasu
449 555 521 595 suas
535 537 638 613 copias
654 536 839 604 Ariovistus,
851 533 956 591 multis
971 545 1002 590 ct
1016 532 1109 590 illatis

228 623 260 674 et
280 619 412 693 acceptis
427 617 612 687 vulneribus,
628 617 659 674 in
680 622 782 674 castra
802 615 930 672 reduxit.
974 612 1051 672 Cum
1073 627 1110 669 er

229 698 360 773 captivis
392 703 538 773 quaercret
569 697 681 766 Oaesar,
703 696 900 772 quamobrem
932 693 1109 752 Ariovistus

196 778 214 835 5
229 777 335 852 proelio
350 795 410 835 non
420 779 597 847 decertaret,
606 777 684 834 hanc
698 777 868 853 reperiebat
882 792 1015 844 causam,
1029 772 1110 848 quod

229 859 309 932 apud
320 857 489 916 Germanos
501 876 537 916 ea
548 858 735 915 consuetudo
750 863 839 926 esset,
852 861 887 913 ut
901 860 1015 913 matres
1027 852 1111 910 iami-

228 937 276 995 liae
298 955 400 995 eorum
423 938 556 996 sortibus
576 944 609 996 et
628 937 898 996 vaticinationibus
912 936 1109 1004 declararent,

229 1024 330 1075 utrum
352 1017 493 1093 proelium
514 1018 664 1076 committi
685 1036 723 1076 ex
743 1035 801 1075 usu
822 1023 912 1086 esset,
928 1032 1035 1073 necne:
1057 1030 1110 1071 eas

230 1098 274 1155 ita
294 1098 399 1167 dicere,
426 1097 521 1155 “Non
546 1115 613 1155 esse
641 1098 689 1155 fas
714 1097 883 1156 Germanos
908 1112 1058 1172 superare,
1082 1093 1111 1151 si

136 1177 141 1185 “
181 1177 215 1236 10
231 1182 300 1236 ante
317 1195 427 1235 novam
442 1177 545 1235 lunam
559 1177 665 1253 proelio
681 1177 938 1236 contendissent.’'

270 1260 315 1315 51.
339 1258 490 1315 Postridie
512 1259 577 1332 ejus
601 1258 660 1315 diei
685 1257 787 1316 Caesar
812 1257 952 1333 praesidio
976 1255 1110 1331 utrisque

229 1338 344 1408 castris,
367 1338 447 1412 quod
469 1338 545 1396 satis
565 1355 632 1395 esse
655 1337 753 1395 visum
773 1343 829 1406 est,
847 1336 984 1412 reliquit3
1005 1353 1110 1394 omues

230 1393 340 1475 adarios
362 1418 392 1474 in
413 1422 574 1494 conspectu
596 1417 729 1475 hostium
749 1435 803 1493 pro
824 1417 932 1474 castris
946 1415 1112 1474 minoribus

230 1497 394 1567 constituit,
409 1498 489 1573 quod
511 1498 609 1554 minus
623 1497 815 1555 multitudine
836 1497 965 1554 militum
980 1495 1112 1571 legiona-

179 1575 215 1635 15
230 1578 340 1635 riorum
360 1595 413 1654 pro
437 1577 569 1636 hostium
590 1595 713 1634 numero
730 1578 859 1644 valebat,
875 1582 910 1634 ut
925 1576 964 1633 ad
982 1575 1111 1652 speciem

230 1656 332 1714 alariis
353 1663 493 1716 uteretur.
537 1658 607 1734 Ipse
632 1657 739 1734 triplici
761 1659 908 1715 instructa
929 1656 991 1714 acie
1017 1673 1111 1730 usque

231 1738 270 1796 ad
285 1743 386 1795 castra
401 1737 533 1796 hostium
546 1740 679 1796 accessit.
723 1737 800 1796 Tum
811 1738 932 1795 demum
944 1735 1111 1793 necessario

232 1817 374 1877 Germani
396 1835 468 1876 suas
489 1819 590 1894 copias
610 1818 720 1876 castris
742 1817 918 1887 eduxerunt,
934 1815 1113 1892 generatim·

231 1916 287 1973 que
316 1899 537 1956 constituerunt
558 1899 738 1975 paribusque
763 1896 930 1955 intervallis
959 1895 1111 1967 Harudes,

179 1979 216 2034 ab
232 1978 453 2048 Marcomanos,
477 1979 632 2052 Tribocos,
649 1978 837 2053 Vangiones,
851 1976 1004 2046 Nemetes
1022 1975 1113 2034 Sedu·

231 2059 301 2128 sica,
316 2058 443 2127 Suevos,
456 2075 632 2134 omnemque
647 2059 742 2116 aciem
758 2074 845 2115 suam
859 2056 961 2114 rhedis
975 2061 1007 2114 et
1021 2055 1113 2114 carris

231 2138 497 2208 circumdederunt,
514 2156 551 2196 ne
572 2156 632 2213 qua
653 2155 721 2216 spes
743 2138 774 2194 in
793 2138 866 2213 iuga
888 2136 1111 2213 relinqueretur.

232 2218 278 2276 Eo
299 2218 439 2275 mulieres
460 2218 675 2294 imposuerunt,
690 2236 756 2294 quae
777 2218 808 2275 iu
826 2218 963 2294 proelium
984 2215 1114 2292 proficis·

232 2292 334 2356 centos
349 2299 461 2356 milites
474 2298 574 2374 passis
583 2298 723 2356 manibus
731 2297 839 2356 flentes
852 2297 1062 2375 implorabant,
1076 2313 1113 2354 ne

180 2379 217 2436 25
232 2395 263 2436 se
278 2379 309 2435 in
324 2378 502 2436 servitutem
519 2378 665 2436 Romanis
678 2378 844 2438 traderent.

272 2461 318 2517 52.
343 2458 446 2516 Oaesar
461 2459 588 2534 singulis
603 2458 771 2533 legionibus
787 2457 922 2534 singulos
943 2457 1062 2532 legatos
1083 2460 1115 2514 et

231 2544 410 2614 quaestorem
430 2539 570 2614 praeiecit,
586 2539 630 2596 uti
651 2555 704 2596 eos
719 2543 815 2596 testes
836 2555 898 2596 sua
919 2537 1043 2613 quisque
1058 2535 1115 2593 vir-

231 2618 307 2676 tutis
329 2617 462 2678 haberet.
507 2618 577 2694 Ipse
598 2636 617 2675 a
637 2619 743 2677 dextro
757 2636 858 2689 cornu,
874 2617 953 2694 quod
968 2634 1035 2674 eam
1049 2633 1115 2692 par-

232 2704 294 2755 tem
326 2698 447 2756 minime
480 2697 595 2755 firmam
626 2697 759 2757 hostiurn
794 2716 861 2756 esse
896 2697 1116 2755 animadverte·

179 2783 218 2840 30
233 2782 289 2847 rat,
304 2778 441 2854 proelium
456 2778 613 2836 commisit.
657 2778 710 2836 Ita
724 2779 821 2836 nostri
834 2778 941 2836 acriter
956 2778 986 2834 in
1009 2775 1114 2832 hostes

233 2858 321 2933 signo
336 2858 409 2916 dato
433 2858 579 2934 impetum
592 2859 735 2930 fecerunt,
751 2859 853 2934 itaque
875 2858 978 2916 hostes
992 2860 1115 2932 repente

233 2939 426 3014 celeriterque
447 2945 666 3014 procurrerunt,
683 2945 717 2996 ut
738 2940 868 3014 spatium
889 2937 950 3013 pila
965 2936 995 2993 in
1010 2935 1116 2994 hostes

233 3017 409 3092 conjiciendi
436 3037 498 3076 non
519 3019 647 3074 daretur.
691 3017 824 3089 Rejectis
845 3016 925 3091 pilis,
947 3016 1117 3074 comminus

235 3098 343 3173 gladiis
357 3104 526 3174 pugnatum
541 3101 605 3153 est:
627 3100 660 3153 at
676 3094 827 3166 Germani,
843 3096 978 3152 celeriter
991 3113 1029 3152 ex
1049 3113 1118 3152 con-

182 3179 219 3237 35
235 3179 393 3235 suetudine
418 3194 473 3234 sua
494 3175 646 3252 phalange
675 3175 764 3245 facta,
788 3176 918 3252 impetus
946 3175 1116 3250 gladiorum

235 3263 422 3332 exceperunt.
466 3256 590 3331 Reperti
613 3261 684 3312 sunt
698 3255 865 3331 complures
887 3255 982 3312 nostri
997 3254 1117 3325 milites,

235 3338 285 3412 qui
307 3337 337 3393 in
356 3336 526 3412 phalangas
546 3335 694 3392 insilirent
718 3341 750 3393 et
764 3342 851 3393 scuta
871 3335 1010 3392 manibus
1025 3332 1118 3391 revel·

236 3415 333 3474 lerent
351 3421 382 3473 et
396 3416 523 3492 desuper
535 3415 736 3474 vulnerarent.
774 3415 851 3474 Cum
864 3415 997 3473 hostium
1008 3414 1087 3472 acies
1098 3432 1118 3472 a

237 3496 361 3554 sinistro
376 3501 467 3552 cornu
488 3493 575 3571 pulsa
590 3501 679 3569 atquc
694 3495 724 3551 in
739 3494 843 3568 fugam
860 3507 1007 3552 conversa
1026 3501 1117 3565 esset,

239 3594 257 3633 a
271 3576 377 3633 dextro
391 3591 482 3632 cornu
497 3572 690 3632 vehementer
708 3573 899 3635 multitudine
915 3591 1036 3634 suorum
1050 3591 1116 3632 noa·
