2524 3776
163 289 204 354 62
433 303 480 350 nn
505 301 625 350 annno
651 303 826 353 asiarco⁴

215 472 300 526 rum3
321 453 443 512 rebellio
458 454 539 512 sacta
558 459 630 530 post
644 453 847 528 deditionem
869 452 996 512 desectio
1015 451 1096 511 datis

216 534 388 608 obsidibus;
412 540 459 592 tot
480 533 639 591 civitatum
660 534 843 608 conjuratio;
872 535 901 590 in
924 533 1037 609 primis,
1060 551 1097 589 ne

216 613 272 672 hac
286 620 371 690 parte
387 614 533 688 neglecta,
547 614 667 689 reliqua
682 614 823 671 nationes
837 613 896 671 sibi
911 614 993 671 idem
1008 613 1097 670 licere

215 695 439 752 arbitrarentur.
482 694 590 769 Itaque
611 711 678 750 cum
700 694 883 769 intelligeret
910 709 1015 751 omues
1036 693 1096 750 fere

182 775 321 834 5Gallos
342 774 431 831 novis
451 774 542 831 rebus
557 774 678 831 studere
702 780 734 832 ct
756 775 794 831 111
812 773 923 831 bellum
946 773 1096 831 mobiliter

215 853 408 930 celeriterque
429 854 562 922 excitari,
578 870 684 911 omnes
705 858 807 912 autern
829 853 967 912 homines
988 859 1097 910 natura

215 934 349 991 libertati
371 933 492 991 studere
523 939 554 990 et
574 933 776 991 conditionem
798 934 956 991 servitutis
978 932 1097 1006 odisse;

215 1015 392 1089 priusquam
407 1014 507 1089 plures
522 1013 664 1071 civitates
678 1013 894 1090 conspirarent,
904 1013 1096 1089 partiendum

215 1095 274 1151 sibi
289 1111 323 1152 ac
338 1093 431 1152 latius
446 1093 687 1151 distribuendum
702 1094 867 1152 exercitum
887 1093 1015 1170 putavit.

166 1174 200 1231 10
258 1176 301 1232 11.
324 1173 434 1248 Itaque
447 1173 550 1231 Titum
566 1173 735 1230 Labienum
751 1173 887 1248 legatum
902 1173 934 1230 iu
945 1172 1096 1243 Treviros,

215 1255 267 1330 qui
287 1253 415 1329 proximi
431 1253 546 1310 flumini
561 1252 671 1311 Rheno
686 1258 765 1322 sunt,
781 1272 850 1312 cum
871 1253 1008 1328 equitatu
1030 1252 1100 1310 mit¹

214 1336 261 1392 tit.
298 1334 380 1392 Huic
395 1334 528 1402 mandat,
541 1333 657 1392 Remos
671 1334 862 1409 reliquosque
877 1333 991 1408 Belgas
1006 1333 1097 1390 adeat

216 1421 306 1489 atque
323 1413 354 1470 in
369 1413 463 1472 officio
474 1414 645 1488 contineat,
668 1414 903 1489 Germanosque,
916 1413 967 1488 qui
984 1413 1097 1470 auxilio

216 1514 234 1552 a
259 1494 364 1568 Belgis
389 1494 525 1551 arcessiti
551 1494 737 1562 dicebantur,
760 1494 860 1570 siper
881 1494 942 1550 vim
965 1493 1096 1550 navibus

164 1577 198 1634 15
215 1575 326 1632 flumen
337 1574 466 1632 transire
478 1581 631 1636 conentur.
644 1573 811 1650 prohibeat.
850 1573 992 1631 Publium
1009 1572 1097 1632 Cras·

216 1673 283 1713 sum
299 1673 367 1712 cum
382 1654 557 1712 cohortibus
571 1654 745 1729 legionariis
759 1654 917 1712 duodecim
938 1659 970 1710 et
983 1670 1096 1728 magno

214 1752 338 1793 numero
353 1735 507 1810 equitatus
528 1735 558 1791 in
574 1733 775 1810 Aquitaniam
790 1733 937 1808 proficisci
948 1733 1042 1808 jubet,
1058 1750 1096 1790 no

214 1834 252 1873 ex
273 1814 321 1873 his
342 1815 518 1873 nationibus
541 1815 655 1872 auxilia
674 1815 706 1871 in
728 1814 858 1874 Galliam
878 1813 1041 1872 mittantur
1061 1830 1096 1870 ac

215 1902 308 1953 tanta
330 1896 469 1953 nationes
496 1896 726 1970 conjungantur.
771 1895 918 1968 Quintum
942 1894 1094 1952 Titurium

163 1977 199 2032 20
217 1975 365 2033 Sabinum
379 1975 514 2049 legatum
531 1994 599 2033 cum
614 1975 786 2050 legionibus
800 1975 897 2033 tribus
912 1974 943 2032 in
958 1974 1095 2044 Unellos,

216 2055 419 2113 Curiosolitas
450 2055 662 2132 Lexoviosque
684 2055 789 2125 mittit,
811 2055 863 2131 qui
883 2072 951 2112 earn
973 2071 1096 2112 manum

216 2136 419 2195 distinendam
431 2141 522 2195 curet.
562 2136 722 2194 Decimum
734 2136 863 2193 Brutum
876 2133 1096 2192 adolescentem

216 2217 307 2292 classi
329 2217 515 2292 Gallicisque
544 2216 682 2284 navibus
707 2233 784 2291 quas
808 2233 846 2273 ex
867 2215 1046 2273 Pictonibus
1066 2219 1098 2272 et

219 2297 364 2356 Santonis
391 2298 574 2373 reliquisque
601 2297 719 2373 pacatis
740 2296 914 2371 regionibus
937 2295 1098 2354 convenire

164 2379 201 2435 25
220 2381 363 2453 jusserat,
384 2378 517 2453 praelicit,
539 2382 660 2436 etcum
681 2376 812 2451 primum
833 2376 940 2450 possit,
955 2376 986 2432 in
1001 2373 1099 2433 V'ene-

217 2465 266 2516 tos
280 2457 426 2534 proficisci
436 2459 531 2533 jubet.
574 2457 645 2533 Ipse
660 2474 694 2514 eo
709 2456 902 2531 pedestribus
916 2456 1012 2533 copiis
1031 2472 1099 2514 con·

217 2539 323 2596 tendit.
411 2569 415 2577 ·

260 2621 304 2676 12.
328 2619 424 2676 1111111
433 2617 581 2692 ejusmodi
590 2616 649 2675 fere
661 2615 739 2674 situs
753 2615 941 2692 oppidorum,
951 2621 986 2673 ut
998 2615 1098 2692 posita
1129 2679 1139 2686 ,

219 2698 249 2755 in
263 2699 407 2756 extremis
420 2697 546 2772 lingulis
560 2695 844 2773 promontoriisque,
860 2714 957 2771 neque
971 2696 1099 2771 pedibus

167 2777 203 2833 30
220 2779 334 2836 aditum
358 2777 510 2847 baberent,
526 2795 594 2836 cum
609 2795 647 2835 ex
661 2777 723 2835 alto
738 2793 770 2834 se
786 2781 879 2834 aestus
897 2776 1098 2846 incitavissct,

219 2859 299 2934 quod
322 2858 370 2915 bis
394 2857 504 2916 accidit
528 2874 646 2934 semper
670 2857 811 2915 horarum
833 2855 946 2930 viginti
970 2861 1100 2931 quatuor

220 2939 329 3014 spatio,
345 2956 442 3014 neque
457 2937 594 3006 navibus,
611 2938 692 3012 quod
714 2953 819 2994 rursus
839 2937 994 2994 minuente
1024 2942 1101 2992 aestu

220 3037 313 3076 navos
328 3019 360 3077 in
376 3019 462 3075 vadis
485 3016 706 3076 afflictarentur.
750 3017 800 3075 Ita
816 3021 943 3092 utraque
965 3034 996 3073 re
1018 3016 1100 3099 oppi-

220 3099 341 3156 dorum
362 3098 549 3174 oppugnatio
577 3097 815 3172 inrpediebatur3
850 3114 885 3154 ac
919 3096 944 3154 si
978 3095 1099 3170 quando

169 3178 430 3253 conregnandus
458 3179 558 3252 operis
585 3178 662 3235 forte
693 3175 836 3251 superati,
865 3183 988 3234 extruso
1023 3175 1098 3231 mari

220 3276 331 3333 aggere
353 3276 388 3316 ac
409 3258 540 3316 molibus
558 3263 649 3333 atque
671 3255 719 3314 his
737 3256 838 3332 oppidi
854 3257 1004 3314 moenibus
1026 3255 1101 3312 ada-

221 3339 331 3412 quatis,
361 3338 425 3395 suis
453 3337 582 3395 fortunis
611 3337 771 3412 desperaro
799 3342 959 3411 coeperant,
989 3353 1101 3409 magno

221 3435 345 3476 numero
372 3418 493 3474 navium
521 3417 655 3492 appulsa,
671 3418 755 3491 cujus
774 3416 817 3474 rei
840 3433 990 3474 summam
1010 3415 1100 3474 sacul-

221 3503 315 3555 tatem
341 3498 502 3566 habebant,
525 3515 581 3554 sua
601 3497 804 3573 deportabant
825 3496 929 3555 omnia
960 3513 1052 3572 seque
1070 3496 1099 3553 in
1168 3533 1172 3538 ,
