2548 3774
111 294 174 362 126
380 312 427 359 nu
453 313 573 359 nunno
599 313 776 360 cataroe.

161 461 209 520 nis
223 461 371 539 principes
385 468 471 520 erant
485 463 587 541 AEdui‚
604 462 728 520 alterius
745 461 885 537 Sequani.
917 461 960 519 Hi
974 478 1040 520 eum

160 561 213 620 per
228 561 259 601 se
275 544 376 601 minus
391 544 537 613 valerent,
554 544 633 618 quod
650 561 769 600 summa
790 543 955 601 auctoritas
970 543 1034 599 anti

161 623 264 698 quitus
278 629 344 680 erat
359 624 390 679 in
405 622 517 681 AEduis
542 640 718 698 magnaque
733 639 837 680 eorum
858 629 944 680 erant
957 622 1042 679 clien-

160 703 235 772 tela,
252 703 419 762 Germanos
441 709 531 778 atque
546 703 738 760 Ariovistum
755 702 811 760 sibi
836 703 1042 776 adjunxerant.

128 784 271 857 deosque
296 783 335 840 ad
364 801 396 840 se
425 782 544 857 magnis
567 783 696 856 jacturis
717 781 1042 858 pollicitationibusque

159 863 370 938 perduxerant.
427 863 546 919 Proeliis
568 879 639 919 vero
660 862 865 937 compluribus
889 862 978 919 factis
1001 879 1033 918 se

160 943 267 1000 cundis
288 949 378 1018 atque
404 943 485 1000 omni
506 942 663 999 nobilitate
683 941 854 999 AEduorum
877 941 1042 1010 interfecta,

161 1027 280 1079 tantum
295 1022 434 1097 potentia
455 1028 689 1090 antecesserant,
705 1028 740 1079 ut
764 1039 908 1096 magnam
927 1027 1042 1097 partem

164 1102 317 1159 clientium
334 1103 371 1159 ab
386 1100 499 1160 AEduis
521 1102 559 1159 ad
574 1119 606 1158 se
621 1102 850 1159 transducerent
865 1101 1043 1175 obsidesque

113 1183 148 1240 lo
165 1182 203 1239 ab
218 1183 258 1239 iis
271 1183 441 1258 principum
457 1181 535 1240 filios
557 1181 733 1257 acciperent,
750 1189 782 1238 et
802 1181 924 1257 publice
941 1183 1041 1254 jurare

48 1286 50 1292 ·
162 1268 304 1336 cogerent
319 1261 394 1318 nihil
417 1279 449 1319 se
471 1268 577 1319 centra·
591 1261 747 1336 Sequanos
762 1261 882 1318 consilii
897 1261 1042 1333 inituros3

161 1347 192 1398 et
206 1348 322 1418 partem
338 1342 457 1399 finitimi
474 1342 539 1416 agri
560 1342 689 1417 pervim
711 1347 890 1416 occupatam
911 1340 1043 1416 posside·

161 1427 236 1492 rent,
253 1421 418 1497 Galliaque
431 1422 528 1478 totius
542 1421 744 1496 principatum
760 1421 937 1478 obtinerent.
976 1422 1043 1493 Qua

162 1502 341 1559 necessitate
353 1502 502 1558 adductus
516 1501 689 1558 Divitiacus
700 1500 803 1557 auxilii
814 1499 936 1576 petendi
951 1517 1043 1556 causa

111 1580 146 1638 15
162 1581 293 1638 Romam
317 1581 355 1638 ad
376 1581 678 1656 senatumprefectus
703 1581 879 1656 imperfecta
900 1598 930 1637 re
952 1579 1044 1636 redie·
1081 1627 1083 1630 .

161 1667 217 1718 rat.
259 1660 406 1719 Adventu
421 1660 553 1719 Caesaris
574 1662 656 1718 fecta
677 1662 912 1718 commutatione
934 1676 1041 1728 rerum,

162 1740 319 1798 obsidibus
334 1740 445 1798 AEduis
466 1741 601 1811 redditis
618 1741 771 1806 veteribus
793 1739 939 1798 clientelis
959 1739 1043 1796 resti·

161 1820 245 1889 tutia,
261 1820 350 1877 novis
364 1839 417 1896 per
432 1819 582 1878 Gaesarem
597 1821 789 1894 comparatis
800 1821 880 1896 quod
896 1819 994 1894 hi‚qui
1010 1836 1042 1875 se

163 1899 200 1956 ad
221 1916 324 1956 eorum
347 1899 510 1958 amicitiam
533 1907 787 1976 aggregaverant,
803 1900 925 1957 meliore
945 1898 1043 1956 condi·

79 2017 83 2024 ,
110 1980 147 2035 20
162 1979 242 2036 tione
259 1987 347 2054 atque
362 1981 491 2055 aequiore
506 1981 635 2056 imperio
650 1998 682 2037 se
697 1981 742 2037 uti
754 1981 907 2049 videbant,
919 1979 1042 2054 reliquis

162 2058 252 2116 rebus
261 2077 364 2116 eorum
373 2061 472 2134 gratia
483 2059 694 2135 dignitateque
708 2061 896 2136 amplificata,
911 2058 1042 2134 Sequani

162 2139 364 2214 principatum
392 2139 577 2198 dimiserant.
627 2140 664 2197 ln
698 2158 801 2197 eorum
829 2141 927 2197 locum
953 2138 1041 2196 Remi

163 2224 385 2291 successerant3
407 2237 483 2293 quos
504 2220 583 2295 quod
607 2221 765 2294 adaquare
788 2220 868 2294 apud
891 2219 1040 2278 cesarem

162 2299 263 2372 gratia
277 2298 509 2373 intelligebatur,
526 2300 555 2368 ii,
571 2300 620 2374 qni
643 2306 763 2375 propter
779 2308 897 2375 ueteres
919 2297 1043 2355 inimici-

111 2377 147 2433 25
163 2379 224 2434 tias
244 2379 328 2436 nullo
348 2379 437 2436 modo
463 2397 530 2435 eum
553 2377 662 2436 AEduis
682 2380 823 2454 conjungi
846 2384 993 2455 poteraut,
1010 2395 1042 2435 se

164 2457 271 2515 Remis
292 2458 322 2515 in
343 2458 515 2516 clientelam
530 2459 680 2516 dicabant.
725 2459 793 2516 Hos
815 2459 858 2515 illi
880 2458 1043 2532 diligenter

164 2537 336 2595 tuebantur.
380 2537 430 2595 Ita
442 2544 474 2595 et
489 2557 600 2596 novam
615 2544 646 2595 et
660 2544 792 2611 repente,
804 2538 961 2596 collectam
978 2555 1043 2594 auc-

162 2618 316 2674 toritatem
331 2618 483 2675 tenebant.
520 2618 566 2675 Eo
580 2625 646 2676 tum
662 2623 804 2674 staturos
818 2624 891 2686 erat,
904 2624 939 2674 ut
952 2617 1042 2692 longe

161 2696 311 2773 principes
334 2696 515 2754 haberentur
529 2697 631 2768 AEdui,
647 2698 812 2755 secundum
833 2698 932 2756 locum
946 2696 1043 2772 digni-

110 2775 147 2831 30
162 2777 236 2834 tatis
257 2777 347 2834 Remi
370 2776 547 2834 obtinerent.
964 2837 966 2841 ,

204 2859 248 2916 13.
271 2857 309 2913 In
330 2857 411 2914 omni
434 2856 534 2915 Gallia
553 2874 656 2914 eorum
679 2856 843 2927 homiuum,
866 2855 917 2931 qui
941 2856 1041 2930 aliquo

162 2942 234 2994 sunt
254 2954 378 2994 numero
400 2941 490 3010 atque
512 2935 631 3006 honora,
649 2955 760 3010 genera
781 2942 852 2993 sunt
873 2937 950 3006 du03
972 2953 1041 2992 uam

161 3016 264 3091 plebes
279 3034 361 3092 paene
377 3033 531 3073 servorum
548 3016 677 3073 habetur
690 3017 764 3086 loco,
780 3035 846 3091 qua
861 3015 936 3072 nihil
952 3016 1042 3072 audet

163 3114 216 3171 per
229 3114 272 3165 se,
288 3096 370 3153 nullo
391 3095 550 3153 adhibetur
564 3096 697 3154 consilio.
741 3096 890 3171 Plerique,
906 3113 974 3152 cum
990 3101 1041 3152 aut

113 3173 149 3231 35
164 3193 221 3233 aerc
235 3173 335 3232 alieno
351 3182 404 3233 aut
424 3176 634 3250 magnitudine
655 3176 837 3233 tributorum
860 3180 914 3232 aut
933 3174 1041 3249 injuria

165 3256 365 3330 potentiorum
393 3261 578 3330 premuntur,
600 3274 666 3312 sese
686 3255 715 3311 in
738 3257 915 3313 servitutem
939 3256 1041 3312 dicant

166 3334 331 3391 nobilibus:
360 3335 391 3390 in
420 3335 476 3392 hes
503 3335 609 3392 cadem
639 3335 741 3392 omnia
771 3342 842 3393 suut
872 3335 950 3408 jura,
976 3351 1041 3408 qua

134 3471 136 3474 .
165 3414 297 3470 dominis
319 3414 349 3469 in
371 3431 483 3471 servos,
528 3414 587 3471 Sed
612 3415 649 3470 dc
674 3414 721 3471 his
743 3415 859 3472 duobus
882 3415 1041 3487 generibus

164 3493 291 3550 alterum
311 3498 361 3549 est
373 3494 524 3564 druidum,
541 3495 669 3551 alterum
690 3495 835 3569 equitum.
880 3494 929 3552 llli
951 3494 1040 3552 rebus
