2548 3774
492 262 607 311 arena
631 263 824 312 snrrruus.
1064 247 1126 314 167

230 415 276 471 50.
301 411 380 472 Cum
402 413 545 471 acerrime
567 413 735 472 comminus
755 420 950 490 pugnaretur,
966 413 1071 472 hostes

191 490 255 550 loco
282 498 314 549 et
341 510 474 563 numero,
500 493 596 551 nostri
621 495 732 552 virtute
757 494 947 565 confiderent,
971 494 1071 552 subito

191 578 262 628 sunt
276 571 370 630 AEdui
387 573 443 630 visi
459 572 497 630 ab
512 573 605 631 latere
621 574 732 631 nostris
748 579 861 648 aperto,
876 591 952 649 quos
968 573 1072 633 Caesar

191 653 228 708 ab
240 653 346 728 dextra
359 660 444 727 parte
457 653 515 709 alio
527 670 653 711 ascensu
668 670 777 711 manus
786 653 965 711 distineudae
980 671 1072 711 causa

190 732 321 789 miserat
365 731 408 788 lli
422 732 619 790 similitudine
635 750 784 790 armorum
799 733 992 790 vehementer
1007 751 1071 790 uos-
1105 733 1123 792 5

190 817 253 869 tros
271 817 513 887 perterruerunt3
535 831 568 870 ac
590 812 713 871 tametsi
735 813 849 870 dextris
871 813 1002 870 humeris
1022 829 1071 870 ex·

190 891 281 948 sertis
292 891 620 961 animadvertebantur,
628 893 708 967 quod
720 893 837 967 insigne
849 897 989 968 pacatum
1001 910 1067 950 esee

189 977 359 1040 consuerat,
372 977 475 1029 tamen
490 971 520 1029 id
535 971 635 1047 ipsum
650 972 697 1030 sui
713 972 835 1030 fallendi
850 989 942 1030 causa
957 972 1068 1029 milites

190 1051 228 1107 ab
243 1049 384 1108 hostibus
398 1051 511 1109 sactum
533 1052 756 1110 existimabant.
801 1053 916 1110 Eodem
933 1059 1067 1127 tompore

191 1129 305 1188 Lucius
321 1131 436 1189 Fabius
451 1132 585 1190 centurio
597 1133 706 1208 quique
719 1150 780 1189 una
794 1149 914 1190 nrurum
929 1132 1067 1189 ascendo·
1086 1131 1120 1191 10

190 1216 266 1280 rant,
283 1211 479 1270 circumventi
500 1217 590 1287 atque
612 1212 760 1269 interfecti
782 1211 818 1269 de
840 1229 925 1270 muro
940 1211 1070 1288 praecipi·

189 1296 300 1348 tantur.
344 1290 467 1349 Marcus
482 1290 653 1362 Petronius
668 1292 803 1367 ejusdem
825 1292 953 1366 legionis
967 1301 1068 1349 centu·

189 1370 320 1438 riacani
334 1377 439 1446 portas
450 1371 585 1429 excidere
597 1379 724 1429 conatus
739 1377 858 1441 assata
872 1371 1067 1429 multitudine

189 1467 353 1526 oppressus
374 1469 408 1508 ac
431 1451 487 1508 sibi
505 1452 678 1527 desperans,
694 1451 798 1510 multis
814 1453 879 1526 jam'
894 1451 1067 1509 vulneribus

188 1530 329 1605 acceptis,
345 1529 582 1606 manipularibus
598 1532 670 1600 sule,
687 1532 738 1607 qui
760 1531 845 1588 illum
861 1531 956 1589 secuti
971 1537 1066 1604 erant,
1084 1530 1120 1589 15

189 1614 206 1640 ‘⁴
217 1610 400 1684 Quoniam‚’'
415 1611 521 1686 inquit,
536 1616 552 1642 “
562 1629 610 1668 me
625 1629 687 1669 una
701 1611 857 1669 vobiscum
872 1628 992 1669 servare
1008 1629 1067 1668 non

188 1697 322 1765 possum,
338 1695 447 1749 vcstrae
462 1690 584 1766 qnidam
598 1697 678 1749 certe
694 1692 764 1750 vitae
784 1691 973 1768 prospiciam,
991 1708 1067 1765 quos

188 1769 353 1846 cupiditate
382 1770 484 1844 gloriae
513 1771 720 1831 adductus'in
754 1772 919 1847 periculum
948 1771 1066 1829 deduxi.

188 1849 254 1907 Vos
283 1850 357 1908 data
384 1851 528 1908 facultate
556 1851 643 1909 vobis
671 1853 848 1910 consulite.”
905 1851 1001 1909 Simul
1036 1851 1068 1908 in

187 1930 303 1988 medios
317 1929 420 1988 hostes
435 1931 550 2007 irrupit,
566 1931 741 2008 duobusque
756 1931 922 1990 interfectis
937 1931 1068 2006 reliquos
1083 1931 1121 1988 20

187 2028 206 2067 a
228 2015 317 2086 porta
338 2011 462 2086 paulum
496 2010 659 2069 submovit.
716 2011 906 2070 Conantibus
931 2010 1067 2068 auxiliari

188 2090 260 2160 suis,
277 2095 293 2121 ‘⁸
304 2089 461 2161 Frustra,”
476 2090 583 2166 inquit,
601 2096 617 2121 “
627 2109 700 2149 meae
715 2092 785 2150 vitis
807 2091 967 2149 subvenire
982 2108 1067 2149 cona·

187 2170 271 2240 mini,
287 2189 376 2246 quem
386 2172 451 2244 jam
466 2171 592 2246 sanguis
606 2170 745 2247 viresque
761 2171 919 2230 deficiunt:
940 2171 1065 2247 proinde

187 2250 278 2318 abite,
302 2251 374 2308 dum
395 2259 443 2308 est
465 2251 602 2320 facultas
619 2269 733 2326 vosque
756 2252 794 2309 ad
820 2252 969 2326 legionem
993 2250 1065 2308 reci·

186 2329 277 2405 pite.”
318 2330 369 2388 Ita
381 2348 523 2406 pugnans
538 2337 608 2406 poet
621 2331 778 2407 paululum
794 2332 925 2390 concidit
945 2347 979 2389 ac
1001 2331 1065 2388 suis
1081 2330 1118 2386 25

187 2410 368 2468 mmmm

225 2492 272 2548 51.
297 2490 402 2548 Nostri
414 2508 481 2547 oum
493 2491 625 2566 undique
636 2497 851 2566 premerentur,
862 2490 1065 2567 quadraginta

185 2586 240 2626 sex
268 2570 495 2628 centurionibus
525 2571 645 2628 amissis
673 2571 779 2645 dejecti
809 2578 880 2628 sunt
902 2572 984 2629 loco:
1011 2571 1064 2629 scd

186 2648 398 2707 intolerantius
410 2650 516 2708 Gallos
531 2650 724 2726 insequentes
739 2651 818 2725 legio
833 2651 949 2710 decima
962 2651 1063 2708 tarda·

186 2729 238 2799 vit,
249 2746 316 2805 quae
330 2747 384 2804 pro
399 2729 534 2787 subsidio
548 2730 639 2805 paulo
654 2731 782 2806 aequiore
797 2731 1062 2789 loco'constiterat.
1079 2730 1117 2787 30

186 2807 276 2866 Hunc
291 2826 394 2866 rursus
406 2810 529 2867 decimae
539 2810 635 2868 tertiae
650 2810 777 2883 legionis
792 2811 931 2868 cohortes
946 2828 1066 2886 excepe-

186 2893 264 2956 runt,
290 2907 357 2964 quae
379 2890 546 2948 excestria
571 2890 737 2948 minoribus
765 2891 879 2948 eductoe
900 2908 968 2948 cum
994 2891 1064 2948 Tito

186 2967 291 3026 Sextio
307 2969 408 3043 legato
419 2970 516 3027 locum
528 2976 670 3045 ceperant
681 2971 872 3046 superiorem.
903 2969 1062 3044 Legiones,

185 3048 236 3104 ubi
262 3048 393 3123 primum
421 3049 579 3125 planitiem
608 3051 785 3125 attigerunt,
813 3050 932 3107 infestis
960 3056 1065 3108 contra

185 3126 289 3186 hostes
311 3128 408 3203 signis
430 3129 638 3188 constiterunt.
681 3130 912 3204 Vercingetorix
933 3131 969 3186 ab
990 3130 1065 3188 radi·
1079 3129 1116 3186 35

185 3206 271 3264 cibus
286 3209 371 3266 collis
393 3227 465 3266 suos
486 3209 566 3266 intra
587 3210 769 3267 munitiones
783 3210 911 3268 reduxit.
955 3210 1000 3266 Eo
1015 3210 1064 3268 diu

185 3287 297 3346 milites
312 3294 384 3346 sunt
398 3289 488 3364 paulo
502 3289 601 3346 miuus
616 3290 817 3365 septingentis
832 3289 1001 3347 desiderati.

224 3369 270 3425 52.
294 3368 422 3426 Postero
434 3369 484 3426 die
499 3369 602 3426 Caesar
616 3370 758 3427 concione
774 3368 930 3436 advocata,
945 3367 1064 3424 temeri·

186 3450 279 3505 tatem
291 3448 547 3529 cupiditatemque
564 3449 691 3506 militum
703 3447 903 3523 reprehendit,
913 3445 992 3522 quod
1008 3444 1063 3502 sibi
