2548 3774
197 269 239 336 76
465 286 512 334 nn
538 287 658 336 annno
684 288 862 337 saumae.

289 438 333 496 lo.
356 437 447 496 Mosa
468 437 592 515 produit
611 454 649 496 ex
673 445 775 496 monte
801 438 936 515 Vosego,
958 436 1009 516 qni
1032 445 1081 499 est
1100 439 1132 500 in

247 515 357 575 linibus
377 518 562 593 Lingonum,
578 523 609 576 et
633 525 720 594 parte
742 519 873 595 quadam
898 538 935 578 ex
958 520 1069 578 Rheno
1090 537 1134 578 re·

246 604 342 673 cepta,
358 616 424 674 qnae
447 598 617 674 appellatur
632 599 774 671 Vacalus
787 599 920 657 insulam
936 600 1026 658 efficit
1041 601 1132 658 Batu-

246 695 362 748 verum,
385 696 480 754 neque
504 679 624 754 longius
649 679 687 736 ab
708 679 818 737 Rheno
840 679 963 738 milibus
984 698 1131 756 passuum

213 759 231 818 5
246 758 403 833 octoginta
417 759 448 814 in
463 758 617 838 Oceanum
634 759 740 818 influit.
777 759 907 818 Rhenus
921 766 1021 817 autern
1037 761 1133 819 oritur

245 856 282 896 ex
297 838 464 914 Lepontiis,
475 839 526 915 qui
542 839 638 912 Alpes
660 839 803 909 incolunt,
814 847 845 897 et
859 840 951 914 longo
965 841 1065 915 spatio
1078 858 1132 916 per

245 917 319 976 fines
340 919 553 988 Numantiam,
577 919 800 987 Helvetiorum,
825 919 1044 995 Sequanorum,
1068 920 1132 979 Mo·

245 999 465 1069 diomatricum,
487 1000 693 1069 Tribocorum,
718 1000 912 1057 Trevirorum
943 999 1056 1058 citatus
1078 1002 1133 1058 fer·

244 1085 311 1152 tur3
332 1087 364 1137 et
378 1080 429 1136 ubi
445 1079 567 1137 Oceano
583 1079 848 1155 appropinquavit,
860 1079 890 1136 in
907 1080 1008 1154 plures
1024 1079 1133 1139 diffluit

195 1160 229 1218 10
244 1166 354 1235 partes,
368 1160 474 1217 multis
489 1160 724 1236 ingentibusque
739 1159 847 1216 insulis
862 1159 986 1230 effectis,
1001 1177 1131 1235 quarum

245 1257 316 1315 pars
331 1258 445 1316 magna
460 1259 478 1298 a
492 1240 565 1298 feris
579 1240 774 1314 barbarisque
790 1239 966 1297 nationibus
989 1240 1131 1298 incolitur

246 1319 299 1396 (ex
312 1321 422 1396 quibus
443 1327 523 1392 sunt,
540 1321 592 1397 qui
612 1321 747 1397 piscibus
768 1326 860 1395 atque
881 1320 948 1376 evis
969 1320 1072 1377 avium
1088 1320 1132 1378 vi·

244 1418 313 1458 vere
328 1401 565 1479 existimantur),
581 1401 743 1476 multisque
763 1400 915 1476 capitibus
929 1399 960 1456 in
976 1397 1132 1459 Oceanum

244 1480 349 1540 induit.

195 1561 229 1619 15
287 1563 331 1619 11.
356 1560 459 1619 Caesar
480 1578 548 1618 cum
574 1561 612 1617 ab
637 1559 724 1618 hoste
747 1577 808 1616 non
830 1558 962 1634 amplius
982 1575 1131 1634 passuum

244 1639 402 1698 duodecim
424 1641 547 1698 milibus
568 1641 697 1707 abesset,
719 1645 754 1697 ut
774 1646 839 1697 erat
860 1639 1069 1709 constitutum,
1092 1639 1130 1696 ad

244 1738 313 1777 eum
339 1721 433 1795 legati
457 1727 667 1778 revertuntur:
699 1719 751 1794 qui
776 1718 808 1776 in
831 1719 940 1777 itinere
976 1720 1131 1792 congressi

245 1818 427 1875 magnopere
443 1819 479 1858 ne
494 1801 616 1875 longius
630 1800 863 1876 progrederetur
877 1798 1014 1856 orabant.
1051 1798 1130 1857 Cum

247 1879 277 1937 id
299 1899 359 1938 non
381 1882 605 1956 impetrassent,
621 1880 775 1955 petebant,
798 1879 844 1936 nti
865 1878 905 1936 ad
926 1895 979 1936 eos
1001 1878 1129 1954 equites,

193 1962 231 2018 20
246 1960 297 2035 qni
309 1979 418 2035 agmen
430 1961 674 2028 antecessissent,
686 1959 892 2034 praemitteret,
904 1975 1015 2033 eosque
1026 1975 1132 2034 pugna

246 2039 438 2114 prohiberet3
461 2041 577 2116 sibique
592 2040 638 2098 uti
653 2044 837 2114 potestatem
853 2039 965 2096 faceret
986 2037 1018 2094 in
1032 2037 1131 2104 Ubios

246 2119 364 2194 legates
390 2121 545 2178 mittendi:
567 2137 694 2195 quornm
721 2119 747 2176 si
771 2118 924 2194 principes
951 2135 985 2175 ac
1006 2121 1131 2174 senatus
1216 2152 1222 2160 -

247 2200 305 2266 sibi
322 2202 516 2275 jurejurando
531 2199 621 2257 fidem
637 2199 788 2269 iecissent,
805 2216 841 2255 ea
862 2198 1045 2266 conditione,
1062 2194 1129 2272 quae

246 2295 264 2334 a
287 2281 406 2338 Caesare
428 2281 564 2349 ferretur,
583 2297 616 2337 se
637 2296 746 2336 usuros
768 2278 989 2336 ostendebant:
1013 2276 1051 2334 ad
1073 2276 1130 2334 has

194 2361 232 2418 25
247 2377 295 2419 res
323 2361 523 2418 conficiendas
552 2359 609 2416 sibi
637 2358 729 2416 tridui
757 2357 888 2433 spatium
914 2356 1009 2414 daret
1053 2357 1130 2414 Haee

248 2441 350 2497 omnia
372 2441 475 2500 Caesar
495 2441 601 2498 eodem
624 2439 674 2495 ille
695 2438 846 2513 pertinere
868 2436 1081 2506 arbitrabatur,
1096 2440 1132 2494 ut

247 2519 339 2576 tridui
355 2538 440 2576 mora
453 2520 634 2594 interposita
648 2518 767 2593 equites
782 2534 894 2586 eorum,
911 2517 963 2592 qui
979 2516 1130 2585 abessent,

248 2606 489 2658 reverterentur:
511 2605 614 2656 tamen
630 2615 695 2655 sese
712 2614 772 2654 non
788 2596 911 2671 longius
926 2596 1050 2653 milibus
1064 2612 1132 2670 pas·

250 2697 338 2737 suum
354 2686 484 2755 quatuor
499 2678 672 2754 aquationis
686 2694 778 2735 cansa
799 2693 1010 2751 processurum
1031 2694 1066 2733 eo
1082 2673 1131 2732 die

195 2759 342 2817 nedixit:
366 2760 423 2817 huc
444 2765 567 2834 postero
588 2758 637 2816 die
659 2775 749 2832 quam
766 2755 1003 2832 frequentissimi
1025 2771 1133 2813 conve·

204 2877 215 2890 -
248 2839 356 2910 nirent,
368 2845 403 2897 ut
418 2840 454 2896 de
469 2857 571 2897 eorum
587 2837 750 2913 postulatis
765 2841 967 2911 cognosceret.
1003 2833 1133 2892 Interim

249 2920 287 2977 ad
309 2921 474 2994 praefectos,
490 2918 541 2994 qui
557 2935 624 2975 eum
640 2917 721 2974 omni
737 2916 875 2991 equitatu
897 2919 1132 2984 antecesserant,

249 2999 354 3068 mittit,
370 3000 421 3074 qui
444 2999 629 3067 nunciarent,
646 3015 683 3054 ne
699 2996 802 3054 hostes
817 2995 923 3070 prelio
938 2994 1133 3064 lacesserent,

249 3080 321 3136 etsi
337 3080 394 3155 ipsi
410 3078 637 3148 lacesserentur,
655 3077 850 3147 sustinerent,
865 3075 967 3152 quoad
984 3075 1047 3150 ipse
1063 3090 1133 3132 cum

196 3159 234 3216 35
249 3161 382 3218 exercitu
396 3161 519 3235 propius
534 3158 719 3216 accessisset.

292 3242 337 3297 la.
361 3241 405 3297 At
429 3238 532 3294 hostes
554 3237 606 3294 ubi
629 3238 760 3311 primum
781 3239 903 3292 nostros
925 3233 1042 3309 equites
1064 3250 1134 3290 een·

251 3323 422 3394 spexernnt,
444 3333 571 3390 quorum
599 3320 665 3373 erat
685 3317 818 3391 quinque
839 3313 957 3371 milium
979 3329 1134 3383 numerus,

251 3414 318 3454 cum
334 3396 392 3470 ipsi
407 3413 467 3451 non
482 3396 614 3470 amplius
635 3396 827 3470 octingentos
841 3393 961 3469 equites
976 3391 1136 3457 haberent,

251 3474 332 3549 qnod
347 3473 376 3545 ii,
393 3475 443 3550 qui
458 3473 663 3532 frumentandi
678 3491 771 3533 cansa
785 3474 885 3533 ierant
898 3479 985 3531 trans
999 3471 1136 3545 Mosam,
