2548 3774
451 309 564 357 utens
589 308 772 366 Quaeres.
1028 289 1067 358 77

134 459 271 518 noudum
298 459 459 530 redierant,
482 458 556 516 nihil
586 459 763 518 timentibus
792 459 912 530 nostris,
935 457 1017 536 quod

135 540 230 615 legati
259 557 363 598 eorum
392 539 482 615 paulo
510 547 580 597 ante
609 558 627 597 a
657 539 777 598 Caesare
812 539 1017 597 discesserant

136 626 227 695 atque
251 620 277 677 is
296 621 361 677 dies
386 619 516 678 induciis
540 624 606 677 erat
628 621 667 677 ab
689 619 737 676 his
760 620 884 695 petitus,
900 619 1015 695 impetu

136 701 217 758 facto
241 699 377 758 celeriter
392 709 511 758 nostros
532 701 794 775 perturbaverunt.
838 699 957 757 Rursus
974 717 1017 757 re·

136 780 327 850 sistentibus
343 780 560 838 cousuetudine
576 797 632 837 sua
653 781 690 837 ed
710 781 805 856 pedes
820 780 1015 851 desiluerunt,
1051 784 1069 841 5

136 860 288 918 subfossis
309 860 395 935 equis
420 860 683 936 compluribusque
700 861 813 917 nestris
826 860 959 934 dejectis,
976 877 1019 918 re·

135 939 236 1016 liques
259 940 289 997 in
312 940 416 1014 lugam
441 943 631 1015 conjecerunt
662 947 751 1016 atque
777 941 820 998 ita
844 941 1019 1016 perterritos

135 1025 275 1095 egerunt,
286 1025 321 1077 ut
336 1038 396 1077 nen
412 1021 495 1096 prius
510 1020 584 1095 fuga
598 1020 787 1090 desisterent,
801 1037 892 1096 quem
907 1021 937 1078 in
952 1037 1019 1077 con-

136 1105 275 1176 spectum
291 1100 423 1174 agminis
445 1101 538 1158 nostri
555 1101 718 1159 venissent.
760 1101 799 1158 In
813 1118 848 1158 eo
863 1099 967 1175 proelio
982 1111 1019 1157 ex

136 1179 293 1256 equitibus
317 1181 429 1237 nestris
452 1180 672 1238 interficiuntur
694 1187 824 1256 quatuor
844 1188 876 1238 et
899 1184 1070 1255 septus-10

137 1261 235 1336 ginta,
258 1261 289 1317 in
312 1260 359 1317 his
381 1261 428 1318 vir
448 1261 642 1332 fortissimus,
661 1260 734 1318 Piso
759 1260 942 1337 AquitanuS,
959 1277 1019 1317 am-

136 1341 278 1416 plissimo
304 1357 412 1414 genere
435 1348 534 1411 natus,
551 1342 635 1415 eujus
660 1358 736 1398 avus
759 1340 791 1399 in
815 1340 939 1400 civitate
961 1357 1019 1397 sua

136 1439 266 1496 regnum
282 1421 461 1491 obtinuerat,
478 1421 593 1478 amicus
615 1421 653 1479 ab
668 1426 777 1478 senatu
799 1426 902 1478 nostro
918 1421 1017 1496 appel·

137 1500 228 1558 latus
272 1499 333 1558 Hie
354 1519 422 1558 eum
437 1501 522 1559 fratri
543 1501 706 1559 intercluso
722 1502 760 1558 ab
775 1501 914 1559 hostibus
935 1500 1016 1558 auxi·

114 1580 214 1638 lium
239 1581 337 1650 ferret,
360 1580 445 1638 illum
474 1599 511 1639 ex
534 1582 667 1657 periculo
692 1581 818 1656 eripuit:
850 1581 914 1658 ipse
939 1598 1018 1656 equo
1035 1581 1070 1638 15

95 1729 98 1734 ¹
138 1660 299 1718 vulnerato
314 1661 456 1735 dejectus,
476 1662 575 1737 quoad
590 1662 699 1737 potuit,
716 1662 879 1719 fortissime
894 1661 1016 1718 restitit.

138 1741 220 1800 Oum
235 1741 458 1799 circumventus
482 1742 588 1800 multis
603 1741 778 1800 vulneribus
794 1742 926 1817 acceptis
946 1741 1019 1798 ceei-

136 1820 243 1891 dissct,
267 1827 356 1896 atque
382 1821 412 1879 id
434 1822 533 1893 irater,
550 1822 601 1897 qui
624 1823 690 1896 jam
710 1822 817 1898 proelio
838 1827 1016 1891 excesserat,

136 1900 243 1977 procul
272 1901 547 1972 animadvertisset,
569 1902 695 1960 incitato
723 1921 800 1978 equo
822 1920 854 1960 se
879 1902 1018 1960 hostibus

137 1980 251 2039 obtulit
266 1987 357 2056 atque
372 1981 549 2039 interiectus
564 1989 619 2040 est.
1034 1983 1071 2040 20

182 2063 226 2120 13.
250 2061 318 2119 Hoc
333 2062 413 2119 sacto
428 2062 541 2137 proelio,
558 2061 660 2120 Caesar
674 2079 771 2137 neque
787 2063 852 2137 jam
868 2063 925 2120 sibi
939 2063 1020 2137 lege·

138 2147 187 2198 tos
203 2141 370 2199 audiendos
384 2160 479 2217 neque
492 2142 679 2200 conditiones
691 2143 880 2217 accipiendas
896 2143 1020 2200 arbitra·

137 2221 230 2278 batur
249 2220 287 2278 ab
310 2221 366 2292 his,
382 2222 434 2297 qui
456 2239 509 2296 per
529 2223 632 2279 dolum
654 2229 744 2298 atque
767 2223 902 2292 insidias,
923 2223 1020 2298 petita

137 2319 223 2376 pace,
238 2300 318 2360 ultro
332 2301 446 2359 bellum
462 2303 648 2361 intulissent:
658 2309 834 2378 exspectare
850 2320 929 2372 vere,
946 2303 1016 2359 dum

138 2381 275 2439 hostium
299 2383 393 2456 copie
419 2389 602 2456 augerentur
622 2382 837 2458 equitatusque
860 2390 1020 2441 revertere·
1035 2385 1072 2441 ut

137 2467 196 2530 tur,
222 2479 347 2520 summae
371 2463 529 2519 dementia
552 2480 619 2519 esse
638 2463 814 2536 judicabat3
843 2470 874 2520 et
897 2464 1020 2538 cognita

139 2541 298 2600 Gallorum
315 2541 496 2610 infirmitate,
513 2549 660 2617 quantum
671 2543 735 2616 Jam
751 2543 832 2617 apud
847 2560 900 2600 eos
915 2542 1019 2600 hostes

138 2639 201 2678 une
216 2623 321 2696 proelie
343 2622 533 2679 auctoritatis
554 2628 657 2680 essent
674 2623 835 2692 consecuti,
852 2624 1017 2681 sentiebat:

138 2701 252 2776 quibus
268 2703 307 2759 ad
322 2702 448 2778 consilia
462 2703 609 2777 capienda
625 2702 699 2759 nihil
715 2703 807 2778 spatii
823 2703 956 2761 dandum
972 2721 1019 2760 ex-

139 2781 306 2840 istimabat.
351 2781 410 2839 His
434 2783 609 2840 constitutis
633 2782 723 2839 rebus
747 2788 779 2840 et
803 2783 929 2840 consilio
952 2801 1019 2840 cum
1035 2785 1072 2841 30

138 2861 251 2935 legatis
278 2868 310 2919 et
332 2866 480 2937 quaestore
507 2863 737 2932 communicate,
763 2880 801 2920 ne
827 2881 917 2938 quem
940 2863 1020 2920 diem
1067 2877 1072 2886 ’

138 2959 250 3018 pugnae
272 2942 525 3017 praetermitteret‚
549 2942 805 3018 opportunissima
828 2960 877 3001 res
902 2943 1018 3013 accidit,

138 3021 221 3097 quod
235 3021 381 3096 postridie
403 3023 467 3096 ejus
488 3022 548 3079 diei
563 3040 650 3079 mane
676 3022 781 3080 cadem
802 3028 833 3080 et
853 3022 977 3096 perfidia
990 3028 1021 3080 et

139 3101 335 3158 simulatione
358 3102 405 3158 usi
421 3102 564 3160 Germani
585 3103 766 3176 frequentes,
783 3093 922 3160 omnibus
943 3103 1021 3178 prin-

139 3180 258 3256 cipibus
273 3181 495 3257 majoribusque
511 3190 585 3240 natu
601 3182 757 3251 adhibitis,
775 3183 896 3239 adeum
912 3183 942 3239 in
958 3201 1021 3239 cas·
1036 3181 1071 3237 35

138 3266 187 3318 tra
216 3267 382 3334 veneruut3
411 3262 509 3331 simul,
539 3267 574 3320 ut
602 3262 765 3332 dicebatur,
795 3262 843 3318 sui
870 3262 1019 3337 purgandi

138 3358 241 3410 causa,
258 3341 337 3416 quod
352 3349 458 3399 contra
472 3347 562 3417 atque
577 3347 658 3399 esset
672 3341 785 3398 dietum
807 3345 838 3398 et
859 3341 915 3415 ipsi
931 3341 1022 3415 petis-

139 3425 217 3489 sent,
230 3421 367 3495 proelium
383 3421 479 3496 pridie
492 3421 733 3492 commisissent3
749 3419 838 3476 simul
854 3424 895 3488 ut,
907 3421 931 3475 si
948 3419 1020 3492 quid

139 3506 275 3576 possent,
289 3500 325 3558 de
337 3501 467 3560 induciis
483 3501 614 3559 fallendo
629 3501 833 3575 impetrarent.
864 3499 947 3570 Quos
963 3497 1020 3553 sibi
