2548 3774
488 297 599 346 trena
623 291 774 344 saxeus.
1046 280 1106 345 135

172 447 257 508 simis
279 448 480 506 erediderunt.
524 445 709 516 Cativoleus
725 463 777 504 rex
800 444 933 504 dimidia
955 446 1053 520 partis

171 528 358 598 Eburonum,
375 528 426 603 qui
441 543 584 584 unacum
602 527 781 600 Ambiorige
802 526 960 584 consilium
983 525 1054 584 inie-

171 616 228 679 rat,
254 615 343 666 aetate
367 609 432 681 jam
460 606 621 677 confectus
648 625 716 662 cum
745 606 878 663 laborem
902 605 973 663 belli
1001 611 1054 663 aut

172 689 251 763 lugae
273 689 349 746 ferre
364 705 425 744 non
445 691 558 763 posset,
574 686 714 742 omnibus
728 687 867 762 precibus
882 687 1052 744 detestatus

171 769 391 842 Ambiorigem,
410 767 461 843 qui
481 767 545 840 ejus
567 766 683 823 consilii
707 773 811 823 auctor
833 767 947 836 fnisset,
969 772 1051 837 taxo,
1086 775 1105 833 5

171 849 255 922 eujus
278 865 391 922 magna
414 847 444 904 in
468 845 566 905 Gallia
590 845 810 922 Germaniaque
833 847 918 934 copia
940 852 996 918 est,
1019 863 1051 904 se

170 928 366 988 exanimavit.

212 1010 259 1066 32.
285 1006 379 1082 Segni
401 1005 619 1083 Condrusique,
636 1023 674 1062 ex
693 1010 782 1080 gente
797 1011 828 1061 et
843 1022 966 1062 numero
982 1005 1053 1066 Ger-

171 1103 340 1156 manorum,
369 1087 421 1160 qui
449 1092 520 1142 sunt
547 1086 626 1143 inter
655 1085 813 1142 Eburones
842 1085 1051 1161 Trevirosque

171 1165 291 1242 legatos
307 1168 345 1225 ad
361 1166 512 1224 Caesarem
528 1165 684 1235 miserunt,
699 1172 828 1234 oratum,
841 1183 877 1222 ne
893 1183 924 1222 se
941 1165 971 1222 in
988 1165 1054 1222 hos·
1070 1171 1105 1232 10

170 1247 248 1303 tium
272 1263 396 1303 numero
421 1246 544 1303 duceret
568 1263 643 1303 neve
665 1246 798 1303 omnium
823 1245 1050 1316 Germanorum,

171 1327 222 1400 qui
246 1332 349 1384 essent
374 1327 448 1383 eitra
470 1325 622 1396 Rhenum,
638 1342 730 1382 unam
751 1343 818 1382 esse
833 1342 956 1382 causam
975 1325 1053 1400 judi-

172 1412 271 1464 caret:
294 1404 369 1463 nihil
385 1423 417 1463 se
433 1406 469 1463 de
485 1405 563 1462 bello
578 1405 770 1478 cogitavisse,
784 1404 866 1464 nulla
881 1404 1053 1480 Ambiorigi

171 1485 286 1542 auxilia
304 1485 432 1544 misisse.
477 1485 745 1560 (laesarexplorata
757 1502 787 1542 re
803 1485 968 1560 quaestione
986 1503 1053 1560 eap-

171 1565 311 1635 tivorum,
327 1565 419 1641 siqui
440 1565 478 1622 ad
499 1583 551 1622 eos
573 1565 731 1622 Eburones
752 1583 790 1622 ex
804 1566 877 1638 luga
898 1565 1053 1622 convenis-
1070 1568 1104 1627 15

172 1651 249 1714 sent,
265 1646 351 1703 adse
373 1652 407 1702 ut
427 1645 640 1706 reducerentur
662 1645 838 1721 imperavit:
861 1645 887 1701 si
908 1645 951 1702 ita
970 1645 1053 1702 fecis-

171 1730 248 1796 sent,
259 1724 332 1782 fines
344 1742 446 1783 eorum
459 1743 491 1782 se
502 1725 683 1782 violaturum
695 1724 827 1799 negavit.
864 1723 942 1781 Tum
957 1724 1052 1798 copiis

171 1804 204 1861 in
231 1812 294 1862 tres
321 1812 424 1880 partes
458 1805 636 1875 distributis
666 1805 884 1880 impedimenta
917 1805 1051 1861 omnium

172 1884 325 1959 legionum
349 1885 544 1942 Aduatucam
567 1884 702 1942 contulit.
745 1885 782 1943 Id
805 1883 921 1942 castelli
943 1902 1053 1940 nomen

171 1970 232 2022 est..
270 1964 339 2022 Hoc
360 1965 420 2022 fere
440 1965 534 2022 estin
548 1965 656 2022 mediis
669 1964 845 2021 Eburonum
868 1963 984 2034 linibus
1001 1964 1052 2020 ubi
1068 1967 1105 2025 20

173 2044 309 2102 Titurius
331 2051 421 2120 atque
443 2044 667 2103 Aurunculeius
692 2044 845 2101 hiemandi
874 2062 965 2101 eausa
986 2062 1053 2101 con-

171 2124 321 2182 sederant.
365 2125 455 2182 Hunc
475 2141 542 2182 cum
567 2124 690 2200 reliquis
715 2125 803 2181 rebus
826 2124 925 2181 locum
948 2125 1054 2200 proba·

171 2205 315 2274 buttem
343 2205 424 2280 quod
444 2204 607 2280 superioris
627 2203 699 2261 anni
722 2204 906 2261 munitiones
927 2203 1051 2278 integrae

171 2284 344 2355 manebant,
371 2291 406 2343 ut
430 2284 560 2342 militum
588 2284 721 2341 laborem
751 2283 931 2342 sublevaret.
975 2284 1053 2341 Prae-

171 2363 248 2421 sidio
269 2364 492 2439 impedimentis
513 2364 664 2438 legionem
684 2363 972 2439 quartamdecimam
987 2364 1052 2421 reli·
1067 2365 1104 2422 25

171 2444 246 2519 quit,
261 2462 354 2500 unam
369 2462 407 2502 ex
427 2444 475 2502 his
489 2444 593 2514 tribua,
611 2461 686 2519 quas
706 2443 841 2518 proxime
863 2444 1050 2519 conscripta-s

171 2541 209 2580 ex
224 2523 317 2581 Italia
331 2525 552 2582 transduxerat.
597 2524 635 2580 Ei
649 2523 761 2597 legioni
776 2524 943 2598 castrisque
960 2524 1052 2597 Quin-

170 2608 237 2660 tum
249 2603 381 2661 Tullium
394 2603 570 2663 Ciceronem
582 2603 704 2680 praeficit
716 2604 920 2679 ducentosque
931 2604 1050 2679 equites

172 2683 319 2742 attribuit.

211 2767 258 2821 33.
283 2763 401 2821 Partito
423 2763 554 2821 exercitu
569 2763 673 2820 Titum
695 2762 864 2820 Labienum
879 2780 945 2820 cum
960 2763 1052 2837 legio·
1066 2763 1103 2821 30

171 2842 260 2900 nibus
275 2843 372 2900 tribus
387 2843 426 2900 ad
449 2842 603 2900 Oceanum
620 2860 724 2900 versus
745 2843 775 2899 in
790 2860 842 2900 eas
857 2847 967 2918 partae,
984 2860 1050 2918 quae

171 2921 332 2998 Menapios
347 2923 511 2998 attingunt,
527 2922 674 2998 proficisci
690 2923 795 2996 jubet;
818 2922 926 2982 (laium
943 2922 1052 2979 Trebo-

170 3003 255 3060 nium
271 3021 339 3060 curn
350 3003 415 3078 pari
430 3002 582 3077 legionum
603 3020 728 3059 numero
749 3004 786 3059 ad
802 3021 869 3058 eam
885 3002 1049 3074 regionem,

171 3100 237 3157 quae
259 3083 431 3140 Aduatuois
447 3083 571 3157 adjacet,
588 3077 829 3158 depopulandam
851 3082 964 3154 mittit;
985 3083 1049 3157 ipse

170 3179 239 3220 cum
253 3162 377 3238 reliquis
391 3163 490 3220 tribus
506 3163 543 3220 ad
560 3161 668 3218 flumen
688 3161 835 3232 Scaldem,
851 3163 930 3237 quod
952 3161 1051 3219 influit
1065 3161 1101 3218 35

171 3242 202 3298 in
224 3241 354 3312 Mosam,
371 3249 581 3316 extremasque
604 3243 775 3299 Arduenna
796 3248 902 3317 partes
920 3241 961 3298 ire
983 3259 1051 3300 con·

170 3321 281 3392 stituit,
297 3340 439 3397 quocum
461 3322 565 3397 paucis
587 3321 738 3396 equitibus
759 3322 925 3396 profectum
947 3321 1052 3379 Ambi-

170 3402 285 3477 origem
308 3402 458 3460 audiebat.
501 3401 670 3459 Discedens
695 3407 765 3476 post
786 3401 864 3458 diem
886 3400 1050 3473 septimum

170 3497 237 3540 sese
264 3499 456 3540 reversurum
485 3480 659 3553 confirmat;
688 3496 779 3554 quam
804 3479 842 3536 ad
864 3479 944 3534 diem
963 3477 991 3532 ei
1011 3475 1049 3532 le·
