2548 3774
488 317 601 366 arana
627 315 779 383 saxeus.
804 315 811 356 :
1031 297 1093 366 13⁷

162 465 265 525 Cesar
289 465 328 524 od
354 467 570 542 impedimenta
597 468 806 544 legionemque
835 465 947 524 reverti
977 483 1044 525 con·

161 547 311 604 stituerat.
355 547 415 605 Hie
435 557 583 623 quantum
605 549 637 606 in
659 549 737 605 bello
759 548 879 605 fortuna
899 547 997 622 possit
1011 552 1043 604 et

160 633 291 701 quantos
313 627 418 685 afferat
431 627 536 696 casus,
559 628 701 703 cognosci
723 627 832 702 potuit.
875 626 1043 702 Dissipatis

161 724 195 763 uc
216 707 385 780 perterritis
407 707 555 779 hostibus
571 716 605 765 ut
626 706 910 775 demonstravimus,
933 723 1042 763 uranus

160 793 225 843 erat
240 787 332 855 nulla,
348 805 414 862 quae
429 805 554 862 parvam
576 788 666 845 modo
687 805 811 845 causam
827 787 945 844 timoris
960 787 1044 843 affer·
1074 787 1094 845 5

161 873 213 922 ret.
257 866 354 924 'Fraus
377 867 519 925 Rhenum
541 868 580 925 ad
601 867 770 926 Germanos
791 866 930 942 pervenit
951 867 1041 937 fama,

161 945 251 1020 diripi
266 946 425 1004 Eburones
447 955 537 1022 atque
554 947 632 1004 ultro
654 964 760 1004 omnes
773 948 811 1003 ad
826 947 959 1021 predam
975 964 1044 1004 evo·

161 1025 230 1084 cari.
275 1026 398 1100 Cogunt
425 1028 561 1103 equitum
590 1028 650 1084 duo
679 1027 762 1083 milia
798 1025 961 1101 Sigambri,
990 1026 1043 1101 qui

161 1112 232 1162 suut
260 1106 390 1180 proximi
418 1107 536 1178 Rhene,
564 1125 582 1163 a
609 1107 719 1182 quibus
748 1115 884 1181 receptos
909 1124 946 1163 ex
970 1107 1044 1181 iuga

162 1185 325 1242 Tencteros
336 1193 425 1261 atque
437 1188 580 1263 Usipetes
593 1204 684 1262 supra
692 1187 863 1245 docuimus:
883 1192 1044 1244 transeunt
1059 1185 1095 1244 lu

162 1265 305 1322 Rhenum
327 1266 456 1324 navibus
477 1267 651 1342 ratibusque
676 1267 806 1341 triginta
834 1266 957 1323 milibus
978 1284 1045 1340 pas·

161 1362 250 1402 suum
265 1346 342 1402 iufra
356 1363 424 1403 eum
439 1347 547 1417 locum,
564 1347 616 1403 ubi
630 1365 708 1422 pons
724 1355 789 1404 crat
804 1347 955 1422 perfectus
969 1364 1042 1420 prae·

162 1425 331 1500 sidiumque
354 1426 391 1482 ab
414 1426 535 1484 casare
555 1427 710 1484 relictum:
732 1427 844 1502 primos
866 1426 1044 1483 Eburonum

162 1504 234 1562 lines
260 1506 381 1575 adeunt,
407 1507 519 1564 multos
547 1524 584 1564 ex
606 1507 680 1582 fuga
702 1507 857 1582 dispersos
882 1507 1042 1580 excipiunt,

161 1602 273 1659 magno
294 1586 411 1659 peeoris
432 1604 564 1657 numere,
581 1588 664 1661 cujus
679 1594 751 1644 suut
771 1585 958 1662 cupidissimi
981 1585 1045 1642 bar·
1060 1583 1096 1649 ld

160 1665 234 1736 bari,
249 1665 413 1740 potiuntur.
460 1667 586 1724 lnvitati
601 1667 702 1742 praeda
716 1667 837 1741 longius
857 1666 1041 1741 procedunt:

162 1762 223 1801 non
252 1744 308 1801 hos
334 1745 423 1818 palus
447 1745 480 1802 in
504 1746 583 1804 bello
609 1747 834 1821 latrociniisque
861 1753 958 1814 natea,
983 1763 1043 1802 non

161 1825 246 1881 silvae
261 1829 434 1882 morantur:
457 1827 567 1901 quibus
583 1826 614 1882 in
629 1826 703 1884 loeis
719 1827 759 1883 sit
775 1827 885 1895 Oaesar,
900 1844 938 1883 ex
952 1825 1044 1900 capti·

161 1905 209 1961 vis
231 1911 386 1979 quaeruut3
408 1906 575 1979 proiectum
597 1906 719 1980 longius
740 1906 891 1981 reperiunt
913 1923 1044 1962 omnem·

161 2002 220 2058 que
236 1985 400 2041 exercitum
416 1985 592 2042 discessisse
608 1993 802 2060 cognoscunt.
846 1986 949 2060 Atque
966 2001 1044 2042 unus
1059 1982 1099 2046 illl

161 2081 199 2120 ex
213 2064 360 2139 captivis,
377 2069 393 2094 “
404 2065 484 2138 Quid
500 2067 584 2135 voe,''
598 2066 705 2140 inquit,
722 2071 739 2095 ‘⁶
751 2065 829 2122 hauc
846 2065 988 2122 miseram
1011 2081 1045 2122 ao

161 2150 283 2200 tenuem
313 2145 472 2202 sectamini
496 2145 638 2220 praedam,
664 2146 774 2220 quibus
799 2144 870 2202 licet
891 2146 956 2218 jani
977 2161 1044 2202 esse

162 2222 432 2280 fortunatissimis?
475 2223 585 2282 Tribus
613 2224 695 2281 horis
721 2225 914 2282 Aduatucam
940 2225 1042 2282 venire

162 2303 307 2378 potestis:
329 2303 387 2360 hue
402 2322 506 2360 omnes
522 2322 594 2361 suas
609 2305 746 2362 fortunas
760 2305 910 2362 exercitus
932 2303 1042 2360 Roma-

162 2400 269 2440 norum
291 2383 435 2440 contulit:
457 2385 588 2458 praesidii
610 2390 731 2442 tantum
751 2391 808 2454 est,
824 2389 859 2440 ut
880 2401 916 2440 ne
939 2401 1043 2440 murus
1060 2387 1100 2444 25.

161 2463 283 2538 quidem
305 2463 386 2537 cingi
407 2464 513 2538 possit,
536 2482 631 2538 neque
653 2464 811 2538 quisquam
833 2463 937 2537 egredi
958 2470 1044 2520 extra

163 2543 348 2599 munitiones
377 2543 518 2600 audeat.''
560 2542 674 2601 Oblata·
701 2548 753 2619 spe
778 2543 929 2613 Germani,
953 2561 1045 2618 quam

163 2622 244 2680 nacti
259 2622 496 2697 erantpraedam,
512 2622 675 2681 inocculto
690 2624 872 2699 relinquunt,
888 2623 947 2697 ipsi
963 2623 1047 2680 Adu-

162 2710 282 2759 atucam
297 2703 493 2774 contendunt,
507 2703 556 2759 usi
570 2703 676 2760 eodem
691 2703 775 2774 duee,
791 2705 875 2778 eujus
893 2702 957 2760 haeo
971 2703 1046 2760 indi·

162 2781 209 2840 eio
224 2787 439 2855 cognoverant.
1060 2785 1098 2842 30

204 2863 250 2920 36.
275 2860 390 2932 Cicero,
406 2861 458 2937 qui
471 2879 525 2936 per
539 2879 644 2920 omnes
659 2863 827 2938 superiores
841 2862 905 2920 dies
919 2879 1047 2938 praecep-

164 2941 206 2997 tis
222 2940 353 2999 Caesaris
367 2959 486 2998 summa
500 2942 661 3016 diligentia
682 2943 794 3000 milites
809 2942 839 2998 in
854 2941 964 2999 eastris
979 2959 1047 3000 con·

164 3021 307 3078 tinuisset
332 3039 367 3078 ac
389 3039 426 3078 ne
452 3021 588 3078 calonem
611 3022 733 3097 quidem
756 3039 938 3098 quemquam
961 3029 1047 3079 extra

165 3100 366 3158 munitionem
388 3101 492 3175 egredi
515 3119 625 3175 passus
648 3107 737 3170 esset,
754 3102 883 3176 septimo
903 3101 951 3158 die
975 3101 1047 3159 diffi-

164 3181 240 3237 dens
254 3180 292 3237 de
307 3197 432 3236 numero
447 3181 562 3237 dierum
580 3182 729 3239 Gaesarem
743 3181 832 3238 fidem
845 3188 1045 3253 servaturum,
1061 3182 1097 3240 35

165 3261 246 3335 quod
267 3259 389 3334 longius
404 3278 472 3316 euru
493 3278 687 3335 progressum
705 3261 855 3331 audiebat,
871 3279 967 3336 neque
983 3261 1046 3318 ulla

166 3340 202 3398 de
223 3340 324 3396 reditu
345 3341 409 3412 ejus
424 3341 505 3397 fama
526 3341 724 3413 afferebatur3
747 3341 835 3397 simul
857 3357 961 3397 eorum
982 3357 1047 3414 per·

167 3425 268 3479 motus
283 3419 416 3488 vocibus
432 3420 482 3494 qui
503 3420 584 3476 illius
605 3419 784 3494 patientiam
801 3436 884 3493 paene
900 3418 1047 3474 obsessio-

166 3516 235 3556 ucm
261 3498 464 3574 appellabant,
486 3499 512 3556 si
533 3499 655 3574 quidem
675 3516 712 3556 ox
733 3497 844 3576 eastris,
857 3496 967 3572 egredi
985 3511 1048 3552 non
