2524 3776
492 316 605 364 mana
629 317 799 366 enarres.
1078 305 1120 370 65

226 469 271 525 lt.
295 468 362 540 Quo
377 467 482 543 proelio
503 468 616 525 bellum
633 467 822 526 Venetorum
836 468 991 546 totiusque
1006 487 1065 528 orta

184 547 342 605 maritimae
364 547 533 605 confectum
553 553 608 605 est.
651 547 732 606 Nam
755 566 823 606 cum
847 549 945 608 omnis
961 551 1067 623 juven·

183 631 243 698 tus,
259 645 363 684 omnes
378 627 471 684 etiam
486 628 634 701 gravioris
649 628 757 698 aetatis,
774 628 929 703 inquibus
951 629 1065 705 aliquid

151 763 153 768 .
184 707 303 765 consilii
333 714 386 764 aut
410 708 572 782 dignitatis
599 708 665 778 fuit,
688 726 724 765 eo
752 716 971 782 convenerant;
999 716 1065 768 tum

184 789 310 845 navium
324 788 404 862 quod
426 789 536 862 ubique
551 789 658 857 suerat,
674 806 767 846 unum
790 789 940 847 inlocum
962 795 1065 864 coege·
1098 791 1117 849 5

183 874 269 925 rant:
292 868 402 943 quibus
424 869 545 925 amissis
577 868 683 943 reliqui
706 886 881 944 aequeque
903 887 935 926 se
957 870 1066 946 recipe·

183 953 251 1005 rent
262 966 358 1023 neque
371 949 625 1023 quemadmodum
638 948 749 1024 oppida
760 949 965 1018 defenderent,
977 949 1065 1008 habe-

184 1032 266 1087 5111.
310 1029 417 1103 Itaque
438 1045 470 1085 sc
493 1046 607 1103 suaque
630 1029 731 1085 omnia
747 1028 860 1087 Caesari
875 1028 1063 1088 dediderunt.

183 1108 220 1166 In
236 1125 312 1183 quos
326 1125 361 1165 ee
377 1108 499 1182 gravius
517 1108 620 1167 Cesar
633 1108 850 1166 vindicandum
872 1109 1063 1184 statuitque

183 1187 361 1262 diligentius
376 1188 407 1244 in
421 1189 569 1263 reliquum
591 1194 713 1262 tempus
728 1206 746 1245 1
760 1188 895 1246 barbaris
913 1191 964 1264 jus
984 1189 1065 1264 lega·
1080 1191 1117 1248 10

182 1273 283 1325 torum
305 1275 540 1326 conservaretur.
583 1268 691 1343 Itaque
713 1268 795 1325 omni
817 1274 925 1326 senatu
954 1277 1062 1327 necato

182 1347 314 1423 reliquos
328 1347 385 1404 sub
400 1365 509 1405 corona
524 1348 670 1406 vendidit.

225 1428 270 1488 li.
294 1427 374 1485 Dum
391 1427 453 1485 haee
468 1428 499 1484 in
515 1427 642 1485 Venetis
658 1433 812 1503 geruntur,
830 1427 963 1501 Quintus
979 1426 1064 1484 Titu-

182 1506 247 1565 rius
263 1506 394 1565 Sabinus
410 1525 478 1565 cum
500 1507 538 1565 iis
559 1508 663 1583 copiis,
678 1525 756 1584 quas
777 1526 795 1564 a
811 1507 930 1566 Oaesare
946 1524 1064 1582 accepe-

119 1603 121 1605 ·
182 1592 239 1657 rat,
255 1587 286 1644 in
301 1587 374 1645 fines
390 1587 568 1645 Uneliorum
583 1589 728 1662 pervenit.
766 1587 826 1644 His
841 1593 969 1662 praeerat
984 1587 1064 1643 Viri·
1079 1587 1112 1645 15

182 1666 276 1724 dorix
297 1685 332 1724 ac
352 1684 503 1724 summanr
526 1668 642 1741 imperii
656 1668 780 1726 tenebat
800 1684 904 1724 earum
926 1667 1062 1724 omnium

182 1746 353 1816 civitatum,
382 1765 447 1822 quae
463 1747 655 1817 defecerant,
684 1765 721 1806 ox
750 1747 861 1822 quibus
896 1747 1062 1804 exereitum

182 1843 370 1903 magnasque
392 1827 495 1901 copias
509 1831 656 1901 coegerat.
700 1827 804 1901 Atque
821 1826 868 1884 his
883 1826 988 1902 paucis
1003 1827 1063 1883 die·

182 1906 240 1964 bus
269 1907 392 1964 Aulerci
422 1906 609 1964 Eburovices
646 1907 843 1981 Lexouiique,
870 1913 978 1964 senatu
1007 1923 1062 1963 suo

181 1986 347 2056 interfecto,
363 1987 444 2062 quod
460 1994 598 2045 auctores
619 1987 690 2045 belli
710 2003 776 2044 esse
791 1987 942 2055 nolebant,
957 1992 1062 2061 portas
1078 1986 1116 2044 20

181 2067 356 2125 clauserunt
390 2084 481 2142 seque
516 2084 583 2124 cum
613 2067 787 2125 Viridovice
823 2068 1061 2141 conjunxerunt;

180 2164 351 2222 magnaque
376 2153 521 2221 praeterea
549 2146 712 2204 multitudo
739 2147 871 2221 undiquc
900 2164 937 2203 ex
960 2146 1062 2206 Gallia

180 2226 365 2303 perditorum
376 2226 530 2284 hominum
540 2226 750 2302 latronumque
760 2232 972 2296 convenerant,
983 2243 1059 2301 quos

180 2324 251 2383 spes
272 2306 427 2382 praedandi
449 2307 642 2381 studiumque
663 2307 793 2364 bellandi
816 2307 854 2362 ab
875 2305 1058 2381 agricultura
1080 2301 1084 2308 '

179 2393 212 2445 et
236 2387 414 2462 quotidiano
442 2386 543 2444 labore
572 2386 742 2444 revocabat.
796 2385 928 2443 Sabinus
953 2385 1061 2443 idoneo
1076 2391 1113 2449 25

180 2467 320 2525 omnibus
341 2467 430 2523 rebus
451 2466 515 2523 loco
537 2467 645 2523 castris
663 2483 730 2524 sese
750 2466 881 2534 tenebat,
898 2483 966 2523 eum
982 2465 1061 2523 Viri·

180 2546 272 2604 dovix
286 2553 392 2604 contra
407 2563 475 2602 cum
490 2547 584 2603 duum
605 2546 720 2603 milium
743 2545 841 2620 spatio
863 2545 1059 2615 consedisset,

179 2627 372 2702 quotidieque
396 2626 552 2700 productis
572 2626 670 2700 copiis
693 2625 850 2701 pugnandi
875 2629 1059 2700 potestatem

180 2706 307 2780 faceret3
323 2712 358 2762 ut
368 2708 432 2780 jam
445 2724 504 2762 nen
520 2706 617 2763 solum
626 2705 799 2763 hostibusin
809 2704 1059 2779 contemptionem

181 2785 313 2846 Sabinus
329 2786 452 2855 veniret,
469 2785 629 2843 sedetiam
644 2791 816 2842 nostrorum
832 2784 963 2841 militum
979 2784 1058 2843 voci·
1072 2789 1111 2846 30

178 2865 236 2924 bus
270 2866 407 2923 nonnihil
441 2873 630 2941 carperetur:
664 2871 845 2940 tantamque
884 2864 1057 2938 opinionem

179 2947 299 3005 timoris
313 2946 450 3020 praebuit,
463 2953 498 3003 ut
507 2947 571 3021 jam
588 2945 626 3003 ad
642 2939 756 3002 val'lnm
772 2950 938 3002 castrorum
955 2944 1058 3002 hostes

179 3027 320 3084 accedere
342 3026 495 3084 auderent.
539 3026 576 3083 Id
597 3043 634 3082 ea
654 3025 691 3082 de
713 3043 805 3082 causa
821 3024 962 3093 faciebat,
978 3024 1058 3099 quod

178 3124 246 3164 cum
272 3112 358 3163 tanta
380 3105 575 3163 multitudine
599 3105 742 3175 hostium,
764 3104 931 3178 praesertim
954 3121 990 3160 eo
1011 3103 1060 3161 111

177 3193 272 3256 santo,
289 3186 340 3261 qui
362 3203 512 3243 summam
529 3185 646 3260 imperii
667 3189 791 3253 teneret,
808 3184 865 3240 nisi
886 3201 971 3258 aequo
993 3182 1058 3240 loco
1074 3186 1110 3243 35

177 3272 232 3324 aut
254 3266 481 3340 opportunitate
503 3265 604 3341 aliqua
626 3265 706 3335 data,
728 3264 830 3339 legato
852 3261 1058 3320 dimicandum

176 3365 236 3404 non
259 3345 462 3403 existimabat.

219 3428 265 3484 18.
290 3425 359 3482 Hac
387 3425 563 3483 confirmata
592 3423 731 3498 opinione
759 3421 886 3489 timoris,
915 3418 1057 3474 idoneum

176 3506 330 3581 quendam
352 3504 504 3562 hominem
526 3510 557 3561 et
579 3503 720 3561 callidum
736 3500 857 3574 delegit,
874 3496 1005 3565 Gallum,
1021 3511 1058 3552 ex

297 3613 313 3660 5
