2524 3776
485 335 599 382 mana
625 336 779 384 ramus.
1072 329 1111 394 19

165 483 285 544 initium
306 486 371 560 ejus
393 485 472 560 fuga
494 486 607 544 factum
629 504 647 543 a
669 485 857 562 Dumnorige
882 492 973 562 atque
994 487 1059 559 ejus

164 564 316 639 equitibus
351 568 436 642 (narn
446 566 603 640 equitatui,
615 584 704 642 quem
719 566 829 624 auxilio
841 565 953 625 Oesari
964 565 1059 624 AEdui

164 645 317 715 miserant,
331 645 503 703 Dumnorix
516 647 674 721 praeerat);
706 663 809 704 eorum
822 646 896 722 luga
910 646 1058 722 reliquum

163 741 230 781 esse
245 725 415 800 equitatum
429 726 631 800 perterritum.

206 806 250 862 19.
269 805 386 878 Quibus
401 805 490 862 rebus
511 806 651 880 cognitis,
664 823 731 862 cum
748 806 786 864 ad
801 805 856 863 has
872 806 1058 882 suspiciones
1093 816 1110 872 5

163 883 339 942 certissima
350 902 399 942 res
411 886 594 956 accederent,
605 885 685 961 quod
698 903 752 959 per
763 885 836 943 fines
849 885 1058 961 Sequanorum

164 962 327 1022 Helvetios
341 965 571 1035 transduxisset,
588 965 668 1040 quod
689 965 811 1024 obsides
827 966 972 1024 intereos
987 967 1059 1024 dan-

163 1044 219 1102 dos
234 1050 378 1115 curasset,
390 1045 471 1119 quod
485 1063 521 1102 ea
536 1046 639 1102 omnia
650 1063 711 1102 non
724 1045 812 1102 modo
826 1046 943 1119 injussu
958 1063 1014 1103 suo
1028 1052 1059 1104 et

163 1124 307 1195 civitatis,
324 1123 376 1182 sed
391 1125 485 1182 etiam
500 1124 699 1182 inscientibus
714 1125 789 1199 ipsis
803 1125 932 1196 fecisset,
945 1126 1025 1201 quod
1041 1143 1059 1184 a

163 1204 347 1279 magistratu
361 1204 532 1263 AEduorum
548 1210 753 1264 accusaretur:
775 1206 851 1263 satis
872 1223 939 1264 esse
960 1211 1111 1270 causalo

163 1284 375 1354 arbitrabatur,
391 1302 483 1360 quare
504 1285 534 1342 in
556 1302 625 1342 eum
640 1290 693 1342 aut
709 1285 772 1361 ipse
793 1285 1056 1356 animadverteret,

163 1369 218 1421 aut
232 1364 389 1422 civitatem
411 1365 651 1423 animadvertere
668 1364 796 1439 juberet.
842 1365 901 1423 His
917 1366 1058 1423 omnibus

164 1444 254 1502 rebus
275 1461 369 1500 unum
390 1444 590 1519 repugnabat,
607 1444 687 1519 quod
703 1444 849 1503 Divitiaci
865 1445 966 1502 fratris
981 1463 1059 1502 sum·

163 1542 247 1581 mum
262 1523 294 1580 iu
312 1524 456 1598 populum
467 1524 642 1582 Romanum
657 1525 801 1595 studium,
813 1543 962 1582 summam
979 1525 1010 1582 in
1026 1542 1057 1583 se

164 1604 360 1674 voluntatem,
390 1605 545 1680 egregiam
575 1604 671 1673 fidem,
697 1605 860 1678 justitiam,
890 1609 1110 1679 temperari-15

164 1683 239 1741 tiam
261 1689 460 1758 cognoverat:
493 1701 574 1755 nam,
596 1702 633 1742 ne
654 1686 718 1758 ejus
740 1685 888 1760 supplicio
912 1685 1055 1743 Divitiaci

164 1765 298 1839 animum
324 1763 496 1834 offenderet,
519 1764 686 1822 verebatur.
743 1765 852 1839 Itaque
880 1766 1057 1840 priusquam

164 1845 326 1918 quicquam
348 1850 516 1913 conaretur,
534 1844 721 1902 Divitiacum
744 1845 783 1902 ad
804 1862 836 1902 se
852 1844 954 1903 vocari
970 1844 1058 1920 jubet

163 1929 203 1992 et,
220 1924 407 1998 quotidianis
422 1925 639 1998 interpretibus
654 1925 789 1996 remotis,
804 1943 858 2000 per
874 1924 982 1983 Gaium
998 1925 1059 1982 Va-

163 2003 271 2061 lerium
287 2003 460 2077 Procillum,
476 2004 642 2079 principem
658 2004 766 2063 Galliae
787 2004 958 2079 provinciae,
974 2004 1059 2062 fami·
1073 2009 1110 2066 20

162 2083 268 2141 liarem
297 2101 395 2155 suum,
418 2083 465 2142 oui
495 2101 645 2142 summam
673 2084 808 2142 omnium
840 2102 940 2142 rerum
969 2085 1057 2142 tidem

162 2163 303 2235 habebat,
326 2182 392 2222 cum
419 2181 455 2222 eo
480 2164 676 2240 colloquitur:
699 2165 787 2221 simul
819 2164 1057 2236 commonefacit,

162 2261 229 2318 quae
244 2245 311 2319 ipso
332 2248 479 2319 praesente
500 2244 532 2300 in
552 2244 679 2302 concilio
695 2244 851 2303 Gallorum
867 2245 904 2302 de
925 2244 1059 2302 Dumno-

162 2324 228 2399 rige
250 2325 313 2382 sint
334 2324 422 2394 diota,
445 2329 476 2381 et
497 2325 640 2394 ostendit,
657 2342 723 2399 quae
745 2324 907 2399 separatim
930 2325 1057 2400 quisque

162 2405 200 2462 de
222 2422 258 2462 eo
280 2405 360 2479 apud
382 2421 414 2462 se
431 2404 557 2462 dixerit:
579 2405 657 2479 petit
672 2410 762 2480 atque
779 2404 927 2475 hortatur,
944 2411 977 2462 ut
992 2405 1057 2462 sine
1073 2407 1109 2464 to

161 2487 227 2560 ejus
248 2484 411 2542 offensione
433 2484 526 2540 animi
543 2485 590 2542 vel
612 2485 677 2560 ipse
693 2484 730 2541 de
751 2502 796 2555 eo,
812 2501 905 2542 causa
926 2485 1057 2561 cognita,

162 2570 289 2628 statuat,
306 2565 353 2621 vel
370 2565 525 2623 civitatem
542 2570 676 2622 statuere
687 2564 802 2639 jubeat.

203 2647 249 2704 20.
272 2644 443 2702 Divitiacus
457 2644 562 2702 multis
577 2661 644 2702 oum
670 2643 801 2702 lacrimis
817 2644 967 2704 Caesarem
982 2662 1060 2702 com·

161 2726 270 2802 plexus
295 2724 450 2783 obsecrare
466 2725 563 2800 coepit,
591 2743 629 2782 ne
660 2724 732 2800 quid
748 2725 873 2799 gravius
888 2725 919 2782 in
935 2724 1059 2782 fratrem

161 2811 329 2864 statueret:
351 2805 427 2863 seire
449 2822 480 2862 se
506 2805 558 2862 illa
578 2821 646 2862 esse
661 2822 740 2875 vera,
756 2822 810 2862 nec
830 2822 1000 2880 quenquam
1022 2821 1059 2862 ex
1073 2808 1112 2866 30

160 2903 198 2944 eo
212 2884 282 2961 plus
306 2904 397 2960 quam
412 2903 444 2942 se
466 2884 577 2942 doloris
592 2902 705 2960 capere,
717 2891 876 2960 propterea
890 2885 978 2960 quod,
992 2903 1059 2942 enm

161 2967 226 3042 ipse
242 2966 343 3040 gratia
362 2965 525 3042 plurimum
547 2965 629 3022 domi
652 2970 741 3040 atque
762 2964 793 3020 in
818 2964 934 3040 reliqua
950 2964 1057 3035 Gallia,

160 3047 212 3104 ille
234 3046 393 3103 minimum
414 3051 539 3120 propter
560 3045 795 3102 adolescentiam
816 3050 929 3120 posset,
950 3062 1003 3120 per
1025 3062 1056 3101 se

160 3126 325 3198 crevisset3
356 3125 467 3202 quibus
492 3125 599 3201 opibus
625 3142 659 3182 ac
684 3125 783 3182 nervis
814 3142 874 3181 non
900 3123 997 3182 solum
1019 3124 1057 3182 ad

160 3207 358 3266 minuendam
383 3206 522 3281 gratiam,
546 3205 598 3263 sed
621 3223 704 3278 paene
727 3204 764 3262 ad
786 3204 947 3280 perniciem
971 3222 1056 3261 suam
1073 3207 1108 3264 35

160 3292 313 3345 uteretur:
336 3303 402 3344 sese
417 3292 519 3343 tamen
540 3291 571 3342 et
586 3302 686 3342 amore
708 3285 839 3342 fraterno
857 3289 888 3341 et
908 3284 1059 3341 existima

161 3366 245 3426 tione
259 3366 343 3441 vulgi
366 3365 555 3424 commoveri.
599 3364 686 3438 Quod
709 3364 827 3441 siquid
849 3363 917 3421 eia
940 3363 1057 3421 Caesare

161 3446 289 3523 gravius
321 3447 489 3517 accidisset,
511 3463 580 3504 cum
605 3446 670 3520 ipse
693 3462 762 3502 eurn
792 3444 891 3502 locum
918 3442 1057 3500 amicitiae

160 3526 242 3603 apud
257 3544 327 3585 eum
346 3531 471 3595 teneret,
489 3526 640 3584 neminem
654 3524 905 3592 existimaturum,
921 3539 982 3578 non
1001 3538 1058 3578 sua
