2524 3776
175 278 216 346 74
444 292 491 340 nu
516 292 636 340 nunno
663 290 838 339 sannrco

225 442 382 520 perterriti,
397 460 435 501 ex
455 441 502 501 his
523 441 664 512 adificiis,
680 459 745 517 quae
766 447 852 498 trans
873 438 983 497 flumen
1000 438 1109 496 habue-

225 530 302 593 rant,
317 523 572 599 demigraverunt,
588 529 619 579 et
633 523 677 580 cis
693 521 834 580 Rhenum
858 520 1017 596 dispositis
1037 537 1108 596 prae-

225 604 311 661 sidiis
333 602 502 662 Germanos
523 601 650 660 transire
673 601 883 678 prohibebant.
926 600 976 658 Illi
1005 600 1108 657 omnia

226 683 350 759 experti,
370 700 439 741 cum
460 700 556 757 neque
579 683 609 738 vi
630 682 809 740 contendere
830 685 953 756 propter
973 680 1107 755 inopiam

192 765 210 824 5
227 763 348 821 navium
375 781 471 838 nequo
493 763 570 820 clam
586 762 715 819 transire
736 766 859 838 propter
873 760 1028 818 custodias
1045 759 1109 818 Me·

226 843 384 918 napiorum
398 849 531 918 possent,
548 843 659 900 roverti
673 859 705 899 se
720 842 751 898 iu
766 858 838 898 suas
855 839 942 897 sedes
957 839 1110 914 regiones·

226 940 283 997 que
305 922 541 995 simulaverunt3
562 928 594 979 et
614 921 704 979 tridui
726 922 808 978 viam
830 920 983 996 progressi
1003 936 1108 977 rursus

225 1007 423 1072 reverterunt,
439 1009 531 1077 atque
546 1002 629 1059 omni
650 1001 707 1058 hoc
721 1001 828 1059 itinere
850 1019 911 1057 una
926 1005 1013 1057 nocte
1027 999 1110 1074 equi·

225 1087 293 1139 tatu
314 1082 450 1140 coniecto
474 1081 585 1139 inscios
608 1081 858 1156 inopinantesque
877 1080 1037 1154 Menapios
1059 1096 1110 1154 op·

177 1162 211 1222 10
226 1167 409 1238 presserunt,
424 1161 477 1236 qui
492 1162 529 1219 do
551 1159 770 1219 Germanorum
790 1161 926 1218 discessu
943 1177 996 1235 per
1009 1159 1110 1234 explo-

226 1248 344 1299 ratores
364 1241 506 1299 certiores
520 1241 601 1309 facti,
618 1241 684 1298 sine
706 1247 790 1297 metu
811 1247 897 1297 trans
913 1240 1054 1297 Rhenum
1077 1239 1109 1294 in

227 1338 299 1379 suos
313 1321 397 1378 vicos
411 1320 658 1396 remigraverant.
704 1320 762 1377 His
784 1320 950 1377 interiectis
968 1319 1110 1376 navibus·

225 1418 283 1476 que
304 1418 408 1459 eorum
430 1401 594 1476 occupatis
609 1401 786 1476 priusquam
807 1417 844 1457 oa
858 1416 928 1475 pars
950 1398 1107 1472 Menapio-

225 1498 301 1551 rum,
317 1498 383 1556 quae
397 1480 473 1539 citra
489 1481 631 1538 Rhenum
652 1480 756 1556 quieta
771 1480 802 1537 in
817 1480 880 1537 suis
895 1479 1017 1536 sedibus
1031 1484 1107 1548 erat,

177 1560 211 1618 15
226 1561 333 1618 certior
360 1560 450 1630 fieret,
479 1559 591 1617 flumen
617 1560 813 1629 transierunt,
843 1565 933 1635 atque
967 1559 1109 1616 omnibus

226 1658 330 1698 eorum
352 1639 484 1698 aedificiis
505 1639 660 1715 occupatis
691 1639 976 1716 reliquampartem
998 1638 1108 1696 hiemis

226 1737 259 1777 so
274 1737 378 1777 eorum
393 1718 488 1796 copiis
504 1719 651 1778 aluerunt.

268 1803 294 1858 5.
318 1799 378 1857 His
393 1800 429 1858 de
445 1800 535 1857 rebus
548 1799 651 1858 (laesar
664 1799 774 1857 certior
788 1798 888 1856 factus
909 1803 940 1855 et
956 1797 1109 1855 infirmita·

227 1884 290 1937 tem
306 1878 461 1938 Gallorum
478 1880 602 1949 veritus
615 1879 695 1954 quod
710 1879 828 1936 suntin
843 1878 977 1937 consiliis
991 1878 1111 1953 capien-

176 1960 215 2018 20
229 1959 278 2016 dis
293 1960 420 2017 mobiles
444 1965 475 2017 et
489 1960 577 2017 novis
591 1958 767 2034 plerumque
781 1959 872 2016 rebus
887 1959 1021 2029 student,
1033 1957 1110 2016 nibil
1145 1984 1149 1989 ·

228 2039 276 2096 his
303 2039 553 2097 committendum
581 2039 777 2096 existimavit.
836 2038 895 2096 Est
919 2045 1022 2096 autem
1053 2038 1110 2096 boo

229 2118 352 2178 Gallicae
367 2119 604 2189 consuetudinis,
615 2119 660 2175 uti
675 2124 706 2176 et
721 2118 863 2187 viatores,
879 2119 972 2175 etiam
986 2118 1108 2189 invitos,

228 2199 394 2256 consistere
408 2204 529 2274 cogant,
541 2205 572 2256 et
586 2197 667 2275 quod
681 2199 808 2274 quisque
822 2216 926 2256 eorum
940 2198 977 2255 de
991 2215 1110 2274 quaque

228 2277 260 2336 re
276 2278 405 2336 audierit
426 2284 479 2336 aut
500 2278 685 2353 cognoverit,
697 2284 854 2354 quaerant3
876 2284 908 2335 et
927 2285 1111 2337 mercatores

176 2359 214 2417 25
229 2358 260 2415 in
275 2357 393 2436 oppidis
408 2358 519 2434 vulgus
533 2358 745 2429 circumsistat,
761 2358 932 2434 quibusque
956 2376 994 2416 ex
1016 2359 1112 2433 regio-

227 2437 320 2496 nibus
335 2437 469 2510 veniant,
484 2456 619 2514 quasque
634 2438 676 2495 ibi
692 2455 739 2496 res
760 2437 967 2514 cognoverint,
982 2455 1112 2513 pronun-

228 2518 308 2575 ciare
337 2524 456 2593 cogant.
501 2519 561 2576 His
586 2518 678 2576 rebus
706 2524 797 2593 atque
819 2518 1027 2576 auditionibus
1047 2535 1112 2593 per-

228 2597 303 2656 moti
325 2597 362 2655 de
377 2597 505 2656 suminis
520 2616 599 2674 saepe
613 2598 704 2655 rebus
718 2598 843 2656 consilia
858 2598 970 2668 ineunt,
983 2615 1109 2673 quorum

227 2695 281 2736 eos
308 2695 324 2735 e
352 2677 483 2752 vestigio
507 2678 650 2752 poenitere
674 2695 796 2736 necesse
819 2683 873 2746 est,
895 2695 964 2736 cum
989 2677 1112 2736 incertis

177 2758 214 2814 30
228 2757 399 2815 rumoribus
414 2758 557 2830 serviant,
568 2765 600 2817 et
613 2757 747 2835 plerique
759 2759 798 2817 ad
807 2758 995 2817 voluntatem
1006 2776 1111 2817 eorum

222 2836 297 2895 ‘licta
311 2836 521 2912 respondeant.

270 2920 295 2976 6.
319 2917 388 2990 Qua
407 2917 625 2975 consuetudine
646 2918 777 2993 cognita,
795 2918 905 2987 Oaesar,
923 2935 960 2975 ne
977 2918 1110 2992 graviori

229 2997 310 3055 bello
324 3003 501 3069 occurreret,
518 2998 668 3055 maturius
682 3017 773 3072 quam
789 3004 950 3056 consuerat
972 2998 1010 3055 ad
1030 3015 1113 3055 exer·

229 3078 323 3136 citum
344 3077 553 3152 proficiscitur.
596 3077 643 3135 Eo
664 3095 732 3135 cum
748 3078 891 3146 venisset,
906 3095 951 3145 ea,
967 3094 1033 3152 quae
1047 3077 1110 3135 fore

177 3155 214 3214 85
231 3157 403 3231 suspicatus
426 3163 499 3228 erat,
523 3157 604 3214 iacta
625 3157 787 3232 cognovit3
808 3158 919 3214 missas
942 3157 1111 3229 legationes

230 3237 270 3295 ab
286 3237 439 3295 nonnullis
460 3237 638 3312 civitatibus
659 3236 697 3294 ad
713 3237 881 3297 Germanos
905 3236 1111 3312 invitatosque

230 3334 293 3388 eos,
308 3317 353 3374 uti
375 3317 413 3374 ab
428 3317 538 3375 Rheno
559 3317 768 3391 discederent3
789 3317 949 3392 omniaque
964 3335 1030 3392 quae
1044 3334 1112 3392 pos·

229 3397 388 3466 tulassent,
406 3397 444 3454 ab
461 3415 492 3455 se
508 3397 571 3454 fore
585 3402 700 3472 parata.
744 3397 812 3470 Qua
833 3413 885 3472 spe
902 3396 1025 3455 adducti
1040 3397 1112 3457 Ger·

229 3477 313 3536 mani
337 3476 429 3534 latius
455 3477 647 3552 vagabantur
671 3481 702 3535 et
723 3475 755 3534 in
779 3475 853 3535 fines
879 3476 1056 3535 Eburonum
1078 3466 1115 3536 et‘
1205 3509 1208 3515 ·
