<?xml version="1.0" encoding="UTF-8"?>
<!DOCTYPE html PUBLIC "-//W3C//DTD XHTML 1.0 Transitional//EN"
    "http://www.w3.org/TR/xhtml1/DTD/xhtml1-transitional.dtd">
<html xmlns="http://www.w3.org/1999/xhtml" xml:lang="en" lang="en">
 <head>
  <title>
</title>
<meta http-equiv="Content-Type" content="text/html;charset=utf-8" />
  <meta name='ocr-system' content='tesseract 3.04.00' />
  <meta name='ocr-capabilities' content='ocr_page ocr_carea ocr_par ocr_line ocrx_word'/>
</head>
<body>
  <div class='ocr_page' id='page_1' title='image "./caiijuliicaesar03caesgoog_0108.png"; bbox 0 0 2548 3774; ppageno 0'>
   <div class='ocr_carea' id='block_1_1' title="bbox 187 321 846 386">
    <p class='ocr_par' dir='ltr' id='par_1_1' title="bbox 187 321 846 386">
     <span class='ocr_line' id='line_1_1' title="bbox 187 321 846 386; baseline 0 0"><span class='ocrx_word' id='word_1_1' title='bbox 187 321 249 386; x_wconf 90' lang='grc'>100</span> <span class='ocrx_word' id='word_1_2' title='bbox 454 337 502 386; x_wconf 84' lang='grc'>00</span> <span class='ocrx_word' id='word_1_3' title='bbox 527 337 650 386; x_wconf 83' lang='lat' dir='ltr'>sunno</span> <span class='ocrx_word' id='word_1_4' title='bbox 672 337 846 386; x_wconf 75' lang='grc'>0000100.</span> 
     </span>
    </p>
   </div>
   <div class='ocr_carea' id='block_1_2' title="bbox 186 484 1118 1422">
    <p class='ocr_par' dir='ltr' id='par_1_2' title="bbox 235 484 1114 800">
     <span class='ocr_line' id='line_1_2' title="bbox 238 484 1113 547; baseline -0.002 -1"><span class='ocrx_word' id='word_1_5' title='bbox 238 485 368 546; x_wconf 71' lang='lat' dir='ltr'>Caesaris</span> <span class='ocrx_word' id='word_1_6' title='bbox 384 484 470 544; x_wconf 88' lang='lat' dir='ltr'>fidem</span> <span class='ocrx_word' id='word_1_7' title='bbox 493 493 616 544; x_wconf 89' lang='lat' dir='ltr'>secutus</span> <span class='ocrx_word' id='word_1_8' title='bbox 641 485 678 544; x_wconf 85' lang='lat' dir='ltr'>ad</span> <span class='ocrx_word' id='word_1_9' title='bbox 693 504 763 544; x_wconf 90' lang='lat' dir='ltr'>eum</span> <span class='ocrx_word' id='word_1_10' title='bbox 778 487 808 544; x_wconf 93' lang='lat' dir='ltr'>in</span> <span class='ocrx_word' id='word_1_11' title='bbox 827 487 1030 545; x_wconf 84' lang='lat' dir='ltr'>continentem</span> <span class='ocrx_word' id='word_1_12' title='bbox 1046 486 1113 547; x_wconf 82' lang='lat' dir='ltr'>Gal·</span> 
     </span>
     <span class='ocr_line' id='line_1_3' title="bbox 235 565 1113 642; baseline 0.001 -19"><span class='ocrx_word' id='word_1_13' title='bbox 235 565 309 624; x_wconf 87' lang='lat' dir='ltr'>liam</span> <span class='ocrx_word' id='word_1_14' title='bbox 334 572 467 635; x_wconf 87' lang='lat' dir='ltr'>venerat,</span> <span class='ocrx_word' id='word_1_15' title='bbox 493 568 577 640; x_wconf 90' lang='lat' dir='ltr'>cujus</span> <span class='ocrx_word' id='word_1_16' title='bbox 602 572 689 641; x_wconf 87' lang='lat' dir='ltr'>pater</span> <span class='ocrx_word' id='word_1_17' title='bbox 714 566 744 623; x_wconf 94' lang='lat' dir='ltr'>in</span> <span class='ocrx_word' id='word_1_18' title='bbox 773 584 809 623; x_wconf 88' lang='lat' dir='ltr'>ea</span> <span class='ocrx_word' id='word_1_19' title='bbox 836 567 959 624; x_wconf 79' lang='lat' dir='ltr'>civitate</span> <span class='ocrx_word' id='word_1_20' title='bbox 987 585 1113 642; x_wconf 88' lang='lat' dir='ltr'>regnum</span> 
     </span>
     <span class='ocr_line' id='line_1_4' title="bbox 236 645 1114 722; baseline 0.002 -20"><span class='ocrx_word' id='word_1_21' title='bbox 236 647 409 703; x_wconf 76' lang='lat' dir='ltr'>obtinuerat</span> <span class='ocrx_word' id='word_1_22' title='bbox 433 645 668 721; x_wconf 85' lang='lat' dir='ltr'>interfectusque</span> <span class='ocrx_word' id='word_1_23' title='bbox 682 652 749 703; x_wconf 90' lang='lat' dir='ltr'>erat</span> <span class='ocrx_word' id='word_1_24' title='bbox 763 664 781 702; x_wconf 89' lang='lat' dir='ltr'>a</span> <span class='ocrx_word' id='word_1_25' title='bbox 797 645 1036 718; x_wconf 76' lang='lat' dir='ltr'>Cassiuellauno,</span> <span class='ocrx_word' id='word_1_26' title='bbox 1049 648 1114 722; x_wconf 89' lang='lat' dir='ltr'>ipse</span> 
     </span>
     <span class='ocr_line' id='line_1_5' title="bbox 236 725 1114 800; baseline 0.001 -18"><span class='ocrx_word' id='word_1_27' title='bbox 236 725 311 800; x_wconf 81' lang='lat' dir='ltr'>luga</span> <span class='ocrx_word' id='word_1_28' title='bbox 330 731 460 782; x_wconf 88' lang='lat' dir='ltr'>mortem</span> <span class='ocrx_word' id='word_1_29' title='bbox 482 725 642 794; x_wconf 87' lang='lat' dir='ltr'>vitaverat,</span> <span class='ocrx_word' id='word_1_30' title='bbox 665 725 783 800; x_wconf 86' lang='lat' dir='ltr'>legatos</span> <span class='ocrx_word' id='word_1_31' title='bbox 805 726 843 784; x_wconf 86' lang='lat' dir='ltr'>ad</span> <span class='ocrx_word' id='word_1_32' title='bbox 866 725 1017 784; x_wconf 79' lang='lat' dir='ltr'>Caesarem</span> <span class='ocrx_word' id='word_1_33' title='bbox 1048 726 1114 783; x_wconf 91' lang='lat' dir='ltr'>mit·</span> 
     </span>
    </p>

    <p class='ocr_par' dir='ltr' id='par_1_3' title="bbox 203 805 1118 1199">
     <span class='ocr_line' id='line_1_6' title="bbox 203 805 1115 881; baseline -0.001 -17"><span class='ocrx_word' id='word_1_34' title='bbox 203 807 221 864; x_wconf 79' lang='lat' dir='ltr'>t</span> <span class='ocrx_word' id='word_1_35' title='bbox 237 811 306 862; x_wconf 92' lang='lat' dir='ltr'>tunt</span> <span class='ocrx_word' id='word_1_36' title='bbox 320 805 566 881; x_wconf 86' lang='lat' dir='ltr'>pollicenturque,</span> <span class='ocrx_word' id='word_1_37' title='bbox 577 822 643 862; x_wconf 89' lang='lat' dir='ltr'>sese</span> <span class='ocrx_word' id='word_1_38' title='bbox 654 806 681 862; x_wconf 93' lang='lat' dir='ltr'>ci</span> <span class='ocrx_word' id='word_1_39' title='bbox 696 806 852 862; x_wconf 81' lang='lat' dir='ltr'><strong>dedituros</strong></span> <span class='ocrx_word' id='word_1_40' title='bbox 866 814 955 881; x_wconf 87' lang='lat' dir='ltr'>atque</span> <span class='ocrx_word' id='word_1_41' title='bbox 967 807 1115 880; x_wconf 89' lang='lat' dir='ltr'>imperata</span> 
     </span>
     <span class='ocr_line' id='line_1_7' title="bbox 236 885 1116 960; baseline 0 -18"><span class='ocrx_word' id='word_1_42' title='bbox 236 885 389 958; x_wconf 80' lang='lat' dir='ltr'>facturos3</span> <span class='ocrx_word' id='word_1_43' title='bbox 411 891 526 960; x_wconf 90' lang='lat' dir='ltr'>petunt,</span> <span class='ocrx_word' id='word_1_44' title='bbox 542 890 577 941; x_wconf 92' lang='lat' dir='ltr'>ut</span> <span class='ocrx_word' id='word_1_45' title='bbox 592 885 844 942; x_wconf 82' lang='lat' dir='ltr'>Mandubracium</span> <span class='ocrx_word' id='word_1_46' title='bbox 866 887 904 942; x_wconf 90' lang='lat' dir='ltr'>ab</span> <span class='ocrx_word' id='word_1_47' title='bbox 920 886 1029 960; x_wconf 88' lang='lat' dir='ltr'>injuria</span> <span class='ocrx_word' id='word_1_48' title='bbox 1044 885 1116 944; x_wconf 87' lang='lat' dir='ltr'>Cas·</span> 
     </span>
     <span class='ocr_line' id='line_1_8' title="bbox 236 964 1114 1040; baseline -0.001 -18"><span class='ocrx_word' id='word_1_49' title='bbox 236 964 398 1022; x_wconf 88' lang='lat' dir='ltr'>sivellauni</span> <span class='ocrx_word' id='word_1_50' title='bbox 421 964 564 1021; x_wconf 89' lang='lat' dir='ltr'>defendat</span> <span class='ocrx_word' id='word_1_51' title='bbox 586 970 676 1039; x_wconf 86' lang='lat' dir='ltr'>atque</span> <span class='ocrx_word' id='word_1_52' title='bbox 700 964 731 1021; x_wconf 90' lang='lat' dir='ltr'>iu</span> <span class='ocrx_word' id='word_1_53' title='bbox 754 965 909 1022; x_wconf 85' lang='lat' dir='ltr'>civitatem</span> <span class='ocrx_word' id='word_1_54' title='bbox 930 966 1041 1034; x_wconf 90' lang='lat' dir='ltr'>mittat,</span> <span class='ocrx_word' id='word_1_55' title='bbox 1063 964 1114 1040; x_wconf 93' lang='lat' dir='ltr'>qui</span> 
     </span>
     <span class='ocr_line' id='line_1_9' title="bbox 236 1043 1116 1120; baseline 0 -19"><span class='ocrx_word' id='word_1_56' title='bbox 236 1044 340 1120; x_wconf 87' lang='lat' dir='ltr'>praesit</span> <span class='ocrx_word' id='word_1_57' title='bbox 361 1043 580 1119; x_wconf 79' lang='lat' dir='ltr'>imperiumque</span> <span class='ocrx_word' id='word_1_58' title='bbox 602 1045 748 1101; x_wconf 91' lang='lat' dir='ltr'>obtineat.</span> <span class='ocrx_word' id='word_1_59' title='bbox 793 1044 853 1101; x_wconf 91' lang='lat' dir='ltr'>His</span> <span class='ocrx_word' id='word_1_60' title='bbox 869 1045 972 1102; x_wconf 85' lang='lat' dir='ltr'>Caesar</span> <span class='ocrx_word' id='word_1_61' title='bbox 985 1045 1116 1119; x_wconf 89' lang='lat' dir='ltr'>imperat</span> 
     </span>
     <span class='ocr_line' id='line_1_10' title="bbox 237 1123 1118 1199; baseline 0 -19"><span class='ocrx_word' id='word_1_62' title='bbox 237 1124 358 1181; x_wconf 89' lang='lat' dir='ltr'>obsides</span> <span class='ocrx_word' id='word_1_63' title='bbox 379 1124 583 1199; x_wconf 84' lang='lat' dir='ltr'>quadraginta</span> <span class='ocrx_word' id='word_1_64' title='bbox 605 1123 847 1199; x_wconf 81' lang='lat' dir='ltr'>frumentumque</span> <span class='ocrx_word' id='word_1_65' title='bbox 862 1124 1014 1194; x_wconf 87' lang='lat' dir='ltr'>exercitui,</span> <span class='ocrx_word' id='word_1_66' title='bbox 1031 1123 1118 1181; x_wconf 89' lang='lat' dir='ltr'>Man·</span> 
     </span>
    </p>

    <p class='ocr_par' dir='ltr' id='par_1_4' title="bbox 186 1203 1118 1422">
     <span class='ocr_line' id='line_1_11' title="bbox 186 1203 1118 1278; baseline -0.001 -17"><span class='ocrx_word' id='word_1_67' title='bbox 186 1205 222 1262; x_wconf 92' lang='grc'>10</span> <span class='ocrx_word' id='word_1_68' title='bbox 237 1204 474 1278; x_wconf 90' lang='lat' dir='ltr'>dubracinmque</span> <span class='ocrx_word' id='word_1_69' title='bbox 499 1203 536 1260; x_wconf 86' lang='lat' dir='ltr'>ad</span> <span class='ocrx_word' id='word_1_70' title='bbox 559 1220 612 1260; x_wconf 90' lang='lat' dir='ltr'>cos</span> <span class='ocrx_word' id='word_1_71' title='bbox 633 1203 736 1261; x_wconf 88' lang='lat' dir='ltr'>mittit.</span> <span class='ocrx_word' id='word_1_72' title='bbox 780 1204 830 1261; x_wconf 95' lang='lat' dir='ltr'>Illi</span> <span class='ocrx_word' id='word_1_73' title='bbox 852 1204 1000 1278; x_wconf 87' lang='lat' dir='ltr'>imperata</span> <span class='ocrx_word' id='word_1_74' title='bbox 1017 1204 1118 1261; x_wconf 90' lang='lat' dir='ltr'>celcri-</span> 
     </span>
     <span class='ocr_line' id='line_1_12' title="bbox 237 1282 1116 1358; baseline -0.001 -17"><span class='ocrx_word' id='word_1_75' title='bbox 237 1289 283 1341; x_wconf 87' lang='lat' dir='ltr'>ter</span> <span class='ocrx_word' id='word_1_76' title='bbox 318 1285 459 1354; x_wconf 89' lang='lat' dir='ltr'>fecerunt,</span> <span class='ocrx_word' id='word_1_77' title='bbox 489 1283 610 1340; x_wconf 89' lang='lat' dir='ltr'>obsides</span> <span class='ocrx_word' id='word_1_78' title='bbox 644 1282 683 1339; x_wconf 89' lang='lat' dir='ltr'>ad</span> <span class='ocrx_word' id='word_1_79' title='bbox 718 1300 876 1340; x_wconf 90' lang='lat' dir='ltr'>numerum</span> <span class='ocrx_word' id='word_1_80' title='bbox 908 1284 1116 1358; x_wconf 89' lang='lat' dir='ltr'>frumentaque</span> 
     </span>
     <span class='ocr_line' id='line_1_13' title="bbox 238 1363 394 1422; baseline 0.013 -2"><span class='ocrx_word' id='word_1_81' title='bbox 238 1363 394 1422; x_wconf 90' lang='lat' dir='ltr'>miserunt.</span> 
     </span>
    </p>
   </div>
   <div class='ocr_carea' id='block_1_3' title="bbox 187 1440 1120 1757">
    <p class='ocr_par' dir='ltr' id='par_1_5' title="bbox 239 1440 1117 1597">
     <span class='ocr_line' id='line_1_14' title="bbox 280 1440 1117 1516; baseline -0.002 -16"><span class='ocrx_word' id='word_1_82' title='bbox 280 1445 325 1500; x_wconf 75' lang='lat'>21.</span> <span class='ocrx_word' id='word_1_83' title='bbox 349 1440 585 1500; x_wconf 81' lang='lat' dir='ltr'>Trinobantibus</span> <span class='ocrx_word' id='word_1_84' title='bbox 596 1440 728 1498; x_wconf 85' lang='lat' dir='ltr'>delensis</span> <span class='ocrx_word' id='word_1_85' title='bbox 739 1448 829 1516; x_wconf 87' lang='lat' dir='ltr'>atque</span> <span class='ocrx_word' id='word_1_86' title='bbox 841 1441 879 1498; x_wconf 90' lang='lat' dir='ltr'>ab</span> <span class='ocrx_word' id='word_1_87' title='bbox 890 1443 971 1498; x_wconf 89' lang='lat' dir='ltr'>omni</span> <span class='ocrx_word' id='word_1_88' title='bbox 987 1442 1117 1499; x_wconf 90' lang='lat' dir='ltr'>militurn</span> 
     </span>
     <span class='ocr_line' id='line_1_15' title="bbox 239 1520 1116 1597; baseline -0.001 -19"><span class='ocrx_word' id='word_1_89' title='bbox 239 1521 347 1596; x_wconf 90' lang='lat' dir='ltr'>injuria</span> <span class='ocrx_word' id='word_1_90' title='bbox 361 1520 531 1597; x_wconf 89' lang='lat' dir='ltr'>prohibitis,</span> <span class='ocrx_word' id='word_1_91' title='bbox 544 1520 735 1594; x_wconf 82' lang='lat' dir='ltr'>Cenimagni,</span> <span class='ocrx_word' id='word_1_92' title='bbox 752 1521 935 1595; x_wconf 82' lang='lat' dir='ltr'>Segontiaci,</span> <span class='ocrx_word' id='word_1_93' title='bbox 948 1521 1116 1592; x_wconf 86' lang='lat' dir='ltr'>Ancalites,</span> 
     </span>
    </p>

    <p class='ocr_par' dir='ltr' id='par_1_6' title="bbox 187 1599 1120 1757">
     <span class='ocr_line' id='line_1_16' title="bbox 187 1599 1120 1674; baseline 0 -16"><span class='ocrx_word' id='word_1_94' title='bbox 187 1602 223 1659; x_wconf 81' lang='lat'>15</span> <span class='ocrx_word' id='word_1_95' title='bbox 239 1601 367 1673; x_wconf 83' lang='lat' dir='ltr'>Bibroci,</span> <span class='ocrx_word' id='word_1_96' title='bbox 385 1600 482 1669; x_wconf 88' lang='lat' dir='ltr'>Cassi,</span> <span class='ocrx_word' id='word_1_97' title='bbox 498 1600 703 1674; x_wconf 79' lang='lat' dir='ltr'>legationibus</span> <span class='ocrx_word' id='word_1_98' title='bbox 724 1599 827 1657; x_wconf 89' lang='lat' dir='ltr'>missis</span> <span class='ocrx_word' id='word_1_99' title='bbox 848 1617 914 1659; x_wconf 89' lang='lat' dir='ltr'>sese</span> <span class='ocrx_word' id='word_1_100' title='bbox 937 1601 1050 1659; x_wconf 73' lang='lat' dir='ltr'>Caesari</span> <span class='ocrx_word' id='word_1_101' title='bbox 1072 1601 1120 1658; x_wconf 94' lang='lat' dir='ltr'>de·</span> 
     </span>
     <span class='ocr_line' id='line_1_17' title="bbox 239 1680 1120 1757; baseline -0.002 -19"><span class='ocrx_word' id='word_1_102' title='bbox 239 1680 322 1739; x_wconf 92' lang='lat' dir='ltr'>dunt.</span> <span class='ocrx_word' id='word_1_103' title='bbox 366 1680 417 1736; x_wconf 85' lang='lat' dir='ltr'>Ab</span> <span class='ocrx_word' id='word_1_104' title='bbox 432 1680 480 1737; x_wconf 91' lang='lat' dir='ltr'>bis</span> <span class='ocrx_word' id='word_1_105' title='bbox 500 1680 657 1753; x_wconf 83' lang='lat' dir='ltr'>cognoscit</span> <span class='ocrx_word' id='word_1_106' title='bbox 678 1697 739 1736; x_wconf 91' lang='lat' dir='ltr'>non</span> <span class='ocrx_word' id='word_1_107' title='bbox 754 1680 842 1755; x_wconf 89' lang='lat' dir='ltr'>longe</span> <span class='ocrx_word' id='word_1_108' title='bbox 857 1699 893 1737; x_wconf 88' lang='lat' dir='ltr'>ex</span> <span class='ocrx_word' id='word_1_109' title='bbox 908 1699 943 1738; x_wconf 93' lang='lat' dir='ltr'>eo</span> <span class='ocrx_word' id='word_1_110' title='bbox 958 1681 1023 1738; x_wconf 94' lang='lat' dir='ltr'>loco</span> <span class='ocrx_word' id='word_1_111' title='bbox 1038 1681 1120 1757; x_wconf 92' lang='lat' dir='ltr'>oppi-</span> 
     </span>
    </p>
   </div>
   <div class='ocr_carea' id='block_1_4' title="bbox 187 1758 1140 3581">
    <p class='ocr_par' dir='ltr' id='par_1_7' title="bbox 187 1758 1140 3581">
     <span class='ocr_line' id='line_1_18' title="bbox 238 1758 1119 1836; baseline -0.002 -18"><span class='ocrx_word' id='word_1_112' title='bbox 238 1761 311 1818; x_wconf 91' lang='lat' dir='ltr'>dum</span> <span class='ocrx_word' id='word_1_113' title='bbox 327 1758 549 1819; x_wconf 78' lang='lat' dir='ltr'>CassIvellauni</span> <span class='ocrx_word' id='word_1_114' title='bbox 565 1760 672 1816; x_wconf 86' lang='lat' dir='ltr'>abesse</span> <span class='ocrx_word' id='word_1_115' title='bbox 687 1759 774 1816; x_wconf 89' lang='lat' dir='ltr'>silvis</span> <span class='ocrx_word' id='word_1_116' title='bbox 787 1760 1007 1836; x_wconf 84' lang='lat' dir='ltr'>paludibusque</span> <span class='ocrx_word' id='word_1_117' title='bbox 1023 1761 1119 1817; x_wconf 90' lang='lat' dir='ltr'>muni·</span> 
     </span>
     <span class='ocr_line' id='line_1_19' title="bbox 238 1838 1121 1916; baseline -0.001 -19"><span class='ocrx_word' id='word_1_118' title='bbox 238 1845 313 1911; x_wconf 90' lang='lat' dir='ltr'>tum,</span> <span class='ocrx_word' id='word_1_119' title='bbox 321 1858 379 1916; x_wconf 91' lang='lat' dir='ltr'>quo</span> <span class='ocrx_word' id='word_1_120' title='bbox 394 1839 471 1896; x_wconf 88' lang='lat' dir='ltr'>satis</span> <span class='ocrx_word' id='word_1_121' title='bbox 482 1856 612 1913; x_wconf 87' lang='lat' dir='ltr'>magnus</span> <span class='ocrx_word' id='word_1_122' title='bbox 624 1838 779 1895; x_wconf 90' lang='lat' dir='ltr'>bominum</span> <span class='ocrx_word' id='word_1_123' title='bbox 792 1841 966 1915; x_wconf 87' lang='lat' dir='ltr'>pecorisque</span> <span class='ocrx_word' id='word_1_124' title='bbox 978 1857 1121 1900; x_wconf 90' lang='lat' dir='ltr'>numerus</span> 
     </span>
     <span class='ocr_line' id='line_1_20' title="bbox 239 1917 1118 1994; baseline 0.001 -18"><span class='ocrx_word' id='word_1_125' title='bbox 239 1919 423 1977; x_wconf 88' lang='lat' dir='ltr'>convenerit.</span> <span class='ocrx_word' id='word_1_126' title='bbox 468 1917 622 1994; x_wconf 88' lang='lat' dir='ltr'>Oppidum</span> <span class='ocrx_word' id='word_1_127' title='bbox 645 1926 746 1975; x_wconf 90' lang='lat' dir='ltr'>autem</span> <span class='ocrx_word' id='word_1_128' title='bbox 762 1919 900 1976; x_wconf 84' lang='lat' dir='ltr'>Britanni</span> <span class='ocrx_word' id='word_1_129' title='bbox 917 1926 1034 1990; x_wconf 90' lang='lat' dir='ltr'>vocant,</span> <span class='ocrx_word' id='word_1_130' title='bbox 1051 1937 1118 1977; x_wconf 93' lang='lat' dir='ltr'>cum</span> 
     </span>
     <span class='ocr_line' id='line_1_21' title="bbox 187 1997 1121 2076; baseline 0 -20"><span class='ocrx_word' id='word_1_131' title='bbox 187 1998 225 2056; x_wconf 80' lang='lat'>20</span> <span class='ocrx_word' id='word_1_132' title='bbox 240 1999 333 2056; x_wconf 90' lang='lat' dir='ltr'>silvas</span> <span class='ocrx_word' id='word_1_133' title='bbox 354 1997 517 2074; x_wconf 86' lang='lat' dir='ltr'>impeditas</span> <span class='ocrx_word' id='word_1_134' title='bbox 539 1997 619 2055; x_wconf 86' lang='lat' dir='ltr'>vallo</span> <span class='ocrx_word' id='word_1_135' title='bbox 641 2005 731 2072; x_wconf 87' lang='lat' dir='ltr'>atque</span> <span class='ocrx_word' id='word_1_136' title='bbox 754 1999 836 2056; x_wconf 88' lang='lat' dir='ltr'>fossa</span> <span class='ocrx_word' id='word_1_137' title='bbox 856 2000 1038 2069; x_wconf 88' lang='lat' dir='ltr'>munierunt,</span> <span class='ocrx_word' id='word_1_138' title='bbox 1062 2016 1121 2076; x_wconf 87' lang='lat' dir='ltr'>quo</span> 
     </span>
     <span class='ocr_line' id='line_1_22' title="bbox 240 2078 1122 2136; baseline -0.001 -1"><span class='ocrx_word' id='word_1_139' title='bbox 240 2079 420 2136; x_wconf 90' lang='lat' dir='ltr'>incursionis</span> <span class='ocrx_word' id='word_1_140' title='bbox 436 2078 569 2136; x_wconf 91' lang='lat' dir='ltr'>hostium</span> <span class='ocrx_word' id='word_1_141' title='bbox 585 2078 716 2135; x_wconf 87' lang='lat' dir='ltr'>vitandae</span> <span class='ocrx_word' id='word_1_142' title='bbox 732 2095 823 2135; x_wconf 87' lang='lat' dir='ltr'>causa</span> <span class='ocrx_word' id='word_1_143' title='bbox 838 2079 997 2135; x_wconf 84' lang='lat' dir='ltr'>convenire</span> <span class='ocrx_word' id='word_1_144' title='bbox 1017 2096 1122 2135; x_wconf 90' lang='lat' dir='ltr'>consu·</span> 
     </span>
     <span class='ocr_line' id='line_1_23' title="bbox 239 2157 1123 2234; baseline 0 -19"><span class='ocrx_word' id='word_1_145' title='bbox 239 2165 335 2217; x_wconf 88' lang='lat' dir='ltr'>erunt.</span> <span class='ocrx_word' id='word_1_146' title='bbox 379 2159 425 2215; x_wconf 86' lang='lat' dir='ltr'>Eo</span> <span class='ocrx_word' id='word_1_147' title='bbox 445 2157 644 2234; x_wconf 90' lang='lat' dir='ltr'>proficiscitur</span> <span class='ocrx_word' id='word_1_148' title='bbox 659 2175 726 2214; x_wconf 93' lang='lat' dir='ltr'>cnm</span> <span class='ocrx_word' id='word_1_149' title='bbox 749 2158 937 2232; x_wconf 85' lang='lat' dir='ltr'>legionibus:</span> <span class='ocrx_word' id='word_1_150' title='bbox 959 2158 1057 2215; x_wconf 88' lang='lat' dir='ltr'>locum</span> <span class='ocrx_word' id='word_1_151' title='bbox 1080 2175 1123 2215; x_wconf 86' lang='lat' dir='ltr'>re·</span> 
     </span>
     <span class='ocr_line' id='line_1_24' title="bbox 242 2238 1123 2312; baseline 0 -18"><span class='ocrx_word' id='word_1_152' title='bbox 242 2239 320 2312; x_wconf 83' lang='lat' dir='ltr'>perit</span> <span class='ocrx_word' id='word_1_153' title='bbox 334 2238 456 2312; x_wconf 85' lang='lat' dir='ltr'>egregie</span> <span class='ocrx_word' id='word_1_154' title='bbox 478 2245 587 2295; x_wconf 86' lang='lat' dir='ltr'>natura</span> <span class='ocrx_word' id='word_1_155' title='bbox 608 2243 698 2312; x_wconf 89' lang='lat' dir='ltr'>atque</span> <span class='ocrx_word' id='word_1_156' title='bbox 720 2255 809 2311; x_wconf 88' lang='lat' dir='ltr'>opere</span> <span class='ocrx_word' id='word_1_157' title='bbox 830 2238 999 2311; x_wconf 79' lang='lat' dir='ltr'>munitum3</span> <span class='ocrx_word' id='word_1_158' title='bbox 1020 2243 1123 2294; x_wconf 90' lang='lat' dir='ltr'>tamen</span> 
     </span>
     <span class='ocr_line' id='line_1_25' title="bbox 244 2317 1122 2392; baseline 0.001 -18"><span class='ocrx_word' id='word_1_159' title='bbox 244 2317 323 2376; x_wconf 90' lang='lat' dir='ltr'>bunc</span> <span class='ocrx_word' id='word_1_160' title='bbox 357 2318 474 2375; x_wconf 86' lang='lat' dir='ltr'>duabus</span> <span class='ocrx_word' id='word_1_161' title='bbox 509 2335 546 2374; x_wconf 83' lang='lat' dir='ltr'>ex</span> <span class='ocrx_word' id='word_1_162' title='bbox 578 2317 716 2392; x_wconf 87' lang='lat' dir='ltr'>partibus</span> <span class='ocrx_word' id='word_1_163' title='bbox 752 2334 925 2392; x_wconf 84' lang='lat' dir='ltr'>oppugnare</span> <span class='ocrx_word' id='word_1_164' title='bbox 960 2317 1122 2375; x_wconf 88' lang='lat' dir='ltr'>contendit.</span> 
     </span>
     <span class='ocr_line' id='line_1_26' title="bbox 188 2396 1137 2473; baseline -0.006 -13"><span class='ocrx_word' id='word_1_165' title='bbox 188 2402 225 2459; x_wconf 69' lang='lat'>25</span> <span class='ocrx_word' id='word_1_166' title='bbox 244 2397 358 2454; x_wconf 87' lang='lat' dir='ltr'>Hostes</span> <span class='ocrx_word' id='word_1_167' title='bbox 380 2397 533 2473; x_wconf 88' lang='lat' dir='ltr'>paulisper</span> <span class='ocrx_word' id='word_1_168' title='bbox 555 2397 663 2453; x_wconf 87' lang='lat' dir='ltr'>morati</span> <span class='ocrx_word' id='word_1_169' title='bbox 686 2396 816 2453; x_wconf 93' lang='lat' dir='ltr'>militum</span> <span class='ocrx_word' id='word_1_170' title='bbox 839 2403 1012 2455; x_wconf 92' lang='lat' dir='ltr'>nostrorum</span> <span class='ocrx_word' id='word_1_171' title='bbox 1033 2397 1137 2471; x_wconf 76' lang='lat' dir='ltr'>impe·¹</span> 
     </span>
     <span class='ocr_line' id='line_1_27' title="bbox 240 2476 1125 2552; baseline 0 -19"><span class='ocrx_word' id='word_1_172' title='bbox 240 2483 307 2533; x_wconf 92' lang='lat' dir='ltr'>tum</span> <span class='ocrx_word' id='word_1_173' title='bbox 321 2495 381 2534; x_wconf 92' lang='lat' dir='ltr'>non</span> <span class='ocrx_word' id='word_1_174' title='bbox 396 2477 532 2534; x_wconf 89' lang='lat' dir='ltr'>tulerunt</span> <span class='ocrx_word' id='word_1_175' title='bbox 551 2494 677 2550; x_wconf 87' lang='lat' dir='ltr'>seseque</span> <span class='ocrx_word' id='word_1_176' title='bbox 693 2476 753 2532; x_wconf 88' lang='lat' dir='ltr'>alia</span> <span class='ocrx_word' id='word_1_177' title='bbox 767 2494 804 2533; x_wconf 82' lang='lat' dir='ltr'>ex</span> <span class='ocrx_word' id='word_1_178' title='bbox 817 2486 904 2552; x_wconf 87' lang='lat' dir='ltr'>parte</span> <span class='ocrx_word' id='word_1_179' title='bbox 920 2477 1019 2552; x_wconf 88' lang='lat' dir='ltr'>oppidi</span> <span class='ocrx_word' id='word_1_180' title='bbox 1036 2478 1125 2550; x_wconf 91' lang='lat' dir='ltr'>ejece·</span> 
     </span>
     <span class='ocr_line' id='line_1_28' title="bbox 243 2555 1125 2631; baseline 0 -19"><span class='ocrx_word' id='word_1_181' title='bbox 243 2562 323 2614; x_wconf 88' lang='lat' dir='ltr'>runt.</span> <span class='ocrx_word' id='word_1_182' title='bbox 366 2555 501 2630; x_wconf 82' lang='lat' dir='ltr'>Magnus</span> <span class='ocrx_word' id='word_1_183' title='bbox 524 2556 565 2612; x_wconf 92' lang='lat' dir='ltr'>ibi</span> <span class='ocrx_word' id='word_1_184' title='bbox 587 2573 731 2612; x_wconf 86' lang='lat' dir='ltr'>numerus</span> <span class='ocrx_word' id='word_1_185' title='bbox 751 2556 869 2631; x_wconf 91' lang='lat' dir='ltr'>pecoris</span> <span class='ocrx_word' id='word_1_186' title='bbox 889 2563 1036 2631; x_wconf 69' lang='lat' dir='ltr'>repertus</span> <span class='ocrx_word' id='word_1_187' title='bbox 1051 2556 1125 2612; x_wconf 90' lang='lat' dir='ltr'>mul·</span> 
     </span>
     <span class='ocr_line' id='line_1_29' title="bbox 243 2633 1055 2711; baseline 0 -18"><span class='ocrx_word' id='word_1_188' title='bbox 243 2633 325 2711; x_wconf 87' lang='lat' dir='ltr'>tique</span> <span class='ocrx_word' id='word_1_189' title='bbox 340 2635 371 2692; x_wconf 91' lang='lat' dir='ltr'>in</span> <span class='ocrx_word' id='word_1_190' title='bbox 386 2636 461 2710; x_wconf 85' lang='lat' dir='ltr'>fuga</span> <span class='ocrx_word' id='word_1_191' title='bbox 476 2642 549 2692; x_wconf 89' lang='lat' dir='ltr'>sunt</span> <span class='ocrx_word' id='word_1_192' title='bbox 563 2635 772 2711; x_wconf 87' lang='lat' dir='ltr'>comprehensi</span> <span class='ocrx_word' id='word_1_193' title='bbox 789 2642 881 2711; x_wconf 86' lang='lat' dir='ltr'>atque</span> <span class='ocrx_word' id='word_1_194' title='bbox 897 2635 1055 2693; x_wconf 88' lang='lat' dir='ltr'>interlecti.</span> 
     </span>
     <span class='ocr_line' id='line_1_30' title="bbox 283 2714 1140 2789; baseline -0.002 -17"><span class='ocrx_word' id='word_1_195' title='bbox 283 2719 328 2773; x_wconf 78' lang='lat'>22.</span> <span class='ocrx_word' id='word_1_196' title='bbox 351 2715 432 2772; x_wconf 91' lang='lat' dir='ltr'>Dum</span> <span class='ocrx_word' id='word_1_197' title='bbox 455 2714 517 2772; x_wconf 88' lang='lat' dir='ltr'>haec</span> <span class='ocrx_word' id='word_1_198' title='bbox 540 2715 570 2771; x_wconf 92' lang='lat' dir='ltr'>in</span> <span class='ocrx_word' id='word_1_199' title='bbox 592 2715 640 2772; x_wconf 91' lang='lat' dir='ltr'>bis</span> <span class='ocrx_word' id='word_1_200' title='bbox 660 2714 734 2772; x_wconf 90' lang='lat' dir='ltr'>locis</span> <span class='ocrx_word' id='word_1_201' title='bbox 750 2723 903 2789; x_wconf 87' lang='lat' dir='ltr'>geruntur,</span> <span class='ocrx_word' id='word_1_202' title='bbox 921 2715 1140 2774; x_wconf 77' lang='lat' dir='ltr'>Cassivellau-</span> 
     </span>
     <span class='ocr_line' id='line_1_31' title="bbox 189 2794 1124 2870; baseline -0.005 -15"><span class='ocrx_word' id='word_1_203' title='bbox 189 2801 227 2858; x_wconf 83' lang='lat'>80</span> <span class='ocrx_word' id='word_1_204' title='bbox 244 2813 301 2852; x_wconf 91' lang='lat' dir='ltr'>nus</span> <span class='ocrx_word' id='word_1_205' title='bbox 323 2795 361 2851; x_wconf 86' lang='lat' dir='ltr'>ad</span> <span class='ocrx_word' id='word_1_206' title='bbox 378 2794 530 2864; x_wconf 89' lang='lat' dir='ltr'>Cantium,</span> <span class='ocrx_word' id='word_1_207' title='bbox 547 2795 627 2869; x_wconf 92' lang='lat' dir='ltr'>quod</span> <span class='ocrx_word' id='word_1_208' title='bbox 642 2811 709 2851; x_wconf 87' lang='lat' dir='ltr'>esse</span> <span class='ocrx_word' id='word_1_209' title='bbox 731 2795 769 2852; x_wconf 86' lang='lat' dir='ltr'>ad</span> <span class='ocrx_word' id='word_1_210' title='bbox 792 2813 874 2855; x_wconf 88' lang='lat' dir='ltr'>mare</span> <span class='ocrx_word' id='word_1_211' title='bbox 896 2812 988 2870; x_wconf 89' lang='lat' dir='ltr'>supra</span> <span class='ocrx_word' id='word_1_212' title='bbox 1003 2796 1124 2853; x_wconf 89' lang='lat' dir='ltr'>demon·</span> 
     </span>
     <span class='ocr_line' id='line_1_32' title="bbox 244 2874 1125 2950; baseline -0.002 -18"><span class='ocrx_word' id='word_1_213' title='bbox 244 2874 418 2944; x_wconf 71' lang='lat' dir='ltr'>stravimus</span> <span class='ocrx_word' id='word_1_214' title='bbox 440 2874 551 2949; x_wconf 91' lang='lat' dir='ltr'>quibus</span> <span class='ocrx_word' id='word_1_215' title='bbox 573 2874 748 2947; x_wconf 87' lang='lat' dir='ltr'>regionibus</span> <span class='ocrx_word' id='word_1_216' title='bbox 773 2882 904 2950; x_wconf 86' lang='lat' dir='ltr'>qua-tuor</span> <span class='ocrx_word' id='word_1_217' title='bbox 925 2892 1014 2950; x_wconf 89' lang='lat' dir='ltr'>reges</span> <span class='ocrx_word' id='word_1_218' title='bbox 1036 2891 1125 2950; x_wconf 80' lang='lat' dir='ltr'>prtec·</span> 
     </span>
     <span class='ocr_line' id='line_1_33' title="bbox 244 2952 1123 3028; baseline -0.002 -17"><span class='ocrx_word' id='word_1_219' title='bbox 244 2959 322 3025; x_wconf 87' lang='lat' dir='ltr'>rant,</span> <span class='ocrx_word' id='word_1_220' title='bbox 340 2953 528 3028; x_wconf 77' lang='lat' dir='ltr'>Cingetorix,</span> <span class='ocrx_word' id='word_1_221' title='bbox 539 2952 709 3024; x_wconf 86' lang='lat' dir='ltr'>Carvilius,</span> <span class='ocrx_word' id='word_1_222' title='bbox 726 2953 957 3028; x_wconf 83' lang='lat' dir='ltr'>Taximagulus,</span> <span class='ocrx_word' id='word_1_223' title='bbox 974 2954 1123 3028; x_wconf 85' lang='lat' dir='ltr'>Segouax,</span> 
     </span>
     <span class='ocr_line' id='line_1_34' title="bbox 242 3031 1125 3108; baseline -0.002 -18"><span class='ocrx_word' id='word_1_224' title='bbox 242 3033 368 3091; x_wconf 89' lang='lat' dir='ltr'>nuncios</span> <span class='ocrx_word' id='word_1_225' title='bbox 383 3033 479 3090; x_wconf 89' lang='lat' dir='ltr'>mittit</span> <span class='ocrx_word' id='word_1_226' title='bbox 495 3039 586 3108; x_wconf 89' lang='lat' dir='ltr'>atque</span> <span class='ocrx_word' id='word_1_227' title='bbox 609 3031 657 3089; x_wconf 92' lang='lat' dir='ltr'>his</span> <span class='ocrx_word' id='word_1_228' title='bbox 679 3033 816 3106; x_wconf 87' lang='lat' dir='ltr'>imperat,</span> <span class='ocrx_word' id='word_1_229' title='bbox 832 3034 875 3090; x_wconf 92' lang='lat' dir='ltr'>uti</span> <span class='ocrx_word' id='word_1_230' title='bbox 898 3034 1011 3091; x_wconf 86' lang='lat' dir='ltr'>coactis</span> <span class='ocrx_word' id='word_1_231' title='bbox 1032 3033 1125 3090; x_wconf 91' lang='lat' dir='ltr'>omni-</span> 
     </span>
     <span class='ocr_line' id='line_1_35' title="bbox 243 3112 1126 3188; baseline -0.001 -20"><span class='ocrx_word' id='word_1_232' title='bbox 243 3113 299 3169; x_wconf 90' lang='lat' dir='ltr'>bus</span> <span class='ocrx_word' id='word_1_233' title='bbox 321 3112 415 3186; x_wconf 90' lang='lat' dir='ltr'>copiis</span> <span class='ocrx_word' id='word_1_234' title='bbox 436 3119 536 3169; x_wconf 87' lang='lat' dir='ltr'>castra</span> <span class='ocrx_word' id='word_1_235' title='bbox 558 3112 682 3168; x_wconf 87' lang='lat' dir='ltr'>navalia</span> <span class='ocrx_word' id='word_1_236' title='bbox 703 3113 740 3169; x_wconf 91' lang='lat' dir='ltr'>dc</span> <span class='ocrx_word' id='word_1_237' title='bbox 761 3112 926 3188; x_wconf 80' lang='lat' dir='ltr'>improviso</span> <span class='ocrx_word' id='word_1_238' title='bbox 948 3113 1126 3170; x_wconf 87' lang='lat' dir='ltr'>adoriantur</span> 
     </span>
     <span class='ocr_line' id='line_1_36' title="bbox 192 3179 1124 3264; baseline -0.001 -16"><span class='ocrx_word' id='word_1_239' title='bbox 192 3195 229 3252; x_wconf 81' lang='lat'>35</span> <span class='ocrx_word' id='word_1_240' title='bbox 245 3197 333 3264; x_wconf 87' lang='lat' dir='ltr'>atque</span> <span class='ocrx_word' id='word_1_241' title='bbox 354 3196 538 3264; x_wconf 89' lang='lat' dir='ltr'>oppugnent.</span> <span class='ocrx_word' id='word_1_242' title='bbox 582 3191 690 3247; x_wconf 91' lang='lat' dir='ltr'>licum</span> <span class='ocrx_word' id='word_1_243' title='bbox 707 3192 744 3248; x_wconf 89' lang='lat' dir='ltr'>ad</span> <span class='ocrx_word' id='word_1_244' title='bbox 759 3198 859 3249; x_wconf 87' lang='lat' dir='ltr'>castra</span> <span class='ocrx_word' id='word_1_245' title='bbox 875 3179 1039 3261; x_wconf 77' lang='lat' dir='ltr'>venissent,</span> <span class='ocrx_word' id='word_1_246' title='bbox 1057 3209 1124 3247; x_wconf 93' lang='lat' dir='ltr'>nos-</span> 
     </span>
     <span class='ocr_line' id='line_1_37' title="bbox 243 3268 1126 3346; baseline 0.002 -21"><span class='ocrx_word' id='word_1_247' title='bbox 243 3268 282 3326; x_wconf 88' lang='lat' dir='ltr'>tri</span> <span class='ocrx_word' id='word_1_248' title='bbox 304 3269 461 3343; x_wconf 90' lang='lat' dir='ltr'>eruptione</span> <span class='ocrx_word' id='word_1_249' title='bbox 483 3269 571 3338; x_wconf 67' lang='grc'>00000,</span> <span class='ocrx_word' id='word_1_250' title='bbox 589 3270 692 3326; x_wconf 89' lang='lat' dir='ltr'>multis</span> <span class='ocrx_word' id='word_1_251' title='bbox 713 3288 817 3327; x_wconf 90' lang='lat' dir='ltr'>eorum</span> <span class='ocrx_word' id='word_1_252' title='bbox 838 3272 1012 3341; x_wconf 89' lang='lat' dir='ltr'>interfectis,</span> <span class='ocrx_word' id='word_1_253' title='bbox 1035 3277 1126 3346; x_wconf 87' lang='lat' dir='ltr'>capto</span> 
     </span>
     <span class='ocr_line' id='line_1_38' title="bbox 246 3346 1126 3422; baseline 0.003 -18"><span class='ocrx_word' id='word_1_254' title='bbox 246 3347 337 3404; x_wconf 89' lang='lat' dir='ltr'>etiam</span> <span class='ocrx_word' id='word_1_255' title='bbox 362 3346 455 3403; x_wconf 92' lang='lat' dir='ltr'>nobili</span> <span class='ocrx_word' id='word_1_256' title='bbox 480 3347 554 3404; x_wconf 89' lang='lat' dir='ltr'>duce</span> <span class='ocrx_word' id='word_1_257' title='bbox 580 3348 779 3422; x_wconf 87' lang='lat' dir='ltr'>Lugotorige,</span> <span class='ocrx_word' id='word_1_258' title='bbox 803 3367 874 3408; x_wconf 91' lang='lat' dir='ltr'>suos</span> <span class='ocrx_word' id='word_1_259' title='bbox 894 3350 1061 3407; x_wconf 91' lang='lat' dir='ltr'>incolumes</span> <span class='ocrx_word' id='word_1_260' title='bbox 1085 3367 1126 3406; x_wconf 89' lang='lat' dir='ltr'>re·</span> 
     </span>
     <span class='ocr_line' id='line_1_39' title="bbox 245 3424 1126 3502; baseline 0.005 -20"><span class='ocrx_word' id='word_1_261' title='bbox 245 3425 404 3482; x_wconf 86' lang='lat' dir='ltr'>duxerunt.</span> <span class='ocrx_word' id='word_1_262' title='bbox 448 3424 698 3484; x_wconf 77' lang='lat' dir='ltr'>Cassivellaunus</span> <span class='ocrx_word' id='word_1_263' title='bbox 713 3428 769 3485; x_wconf 89' lang='lat' dir='ltr'>hoc</span> <span class='ocrx_word' id='word_1_264' title='bbox 783 3430 888 3502; x_wconf 84' lang='lat' dir='ltr'>proelio</span> <span class='ocrx_word' id='word_1_265' title='bbox 911 3431 1063 3497; x_wconf 89' lang='lat' dir='ltr'>nunciato,</span> <span class='ocrx_word' id='word_1_266' title='bbox 1080 3435 1126 3486; x_wconf 91' lang='lat' dir='ltr'>tot</span> 
     </span>
     <span class='ocr_line' id='line_1_40' title="bbox 246 3503 1127 3581; baseline 0.008 -21"><span class='ocrx_word' id='word_1_267' title='bbox 246 3503 437 3561; x_wconf 90' lang='lat' dir='ltr'>detrimentis</span> <span class='ocrx_word' id='word_1_268' title='bbox 451 3503 592 3579; x_wconf 91' lang='lat' dir='ltr'>acceptis,</span> <span class='ocrx_word' id='word_1_269' title='bbox 608 3506 738 3564; x_wconf 86' lang='lat' dir='ltr'>vastatis</span> <span class='ocrx_word' id='word_1_270' title='bbox 754 3508 871 3581; x_wconf 72' lang='lat' dir='ltr'>linibus</span> <span class='ocrx_word' id='word_1_271' title='bbox 888 3510 1019 3568; x_wconf 85' lang='lat' dir='ltr'>maxime</span> <span class='ocrx_word' id='word_1_272' title='bbox 1033 3509 1127 3568; x_wconf 88' lang='lat' dir='ltr'>etiam</span> 
     </span>
    </p>
   </div>
   <div class='ocr_carea' id='block_1_5' title="bbox 0 0 1287 3774">
    <p class='ocr_par' dir='ltr' id='par_1_8' title="bbox 0 0 1287 3774">
     <span class='ocr_line' id='line_1_41' title="bbox 0 0 1287 3774; baseline 0 0"><span class='ocrx_word' id='word_1_273' title='bbox 0 0 1287 3774; x_wconf 95' lang='lat' dir='ltr'> </span> 
     </span>
    </p>
   </div>
  </div>
 </body>
</html>
