2524 3776
176 277 220 342 to
449 293 495 340 nn
521 292 641 340 nanno
667 293 841 340 eramen.

228 443 388 514 discedere,
404 443 464 500 nisi
485 443 612 500 munitis
633 443 750 511 eastris,
767 448 912 501 vetuerat.
955 441 999 500 Hi
1023 459 1107 519 prop·

227 528 276 581 ter
288 524 546 600 propinquitatem
561 528 592 580 et
606 523 789 580 celeritatem
805 523 946 592 hostium,
959 522 1033 579 nihil
1043 525 1106 596 jam

229 602 359 661 Caesaris
388 602 548 679 imperium
576 603 802 677 exspectabant.
826 603 879 660 sed
902 620 955 678 per
977 620 1017 673 se,
1042 620 1108 678 qua

229 684 418 752 videbantur,
435 683 700 740 administrabant.

195 765 213 822 5
269 765 314 821 2..
339 763 443 821 Cesar
467 763 645 820 necessariis
660 763 750 820 rebus
764 761 920 837 imperatis
946 761 985 818 ad
1006 759 1109 819 cohor·

230 842 340 900 tandos
360 843 482 912 milites,
495 860 585 916 quam
608 841 640 899 in
660 848 778 917 partem
799 842 861 899 fors
883 840 1000 908 obtulit,
1023 840 1106 897 decu·

228 923 328 991 currit,
344 927 375 979 et
396 922 435 980 ad
464 923 612 996 legionem
634 922 782 979 decimam
810 921 939 979 devenit.
990 919 1106 977 Milites

227 1002 437 1076 non-longiore
450 1003 584 1059 oratione
596 999 782 1069 cohortatus,
795 1018 885 1075 quam
901 1000 944 1058 uti
961 1017 1022 1057 suae
1033 999 1106 1075 pris·

227 1081 298 1138 tinae
311 1082 433 1139 virtutis
451 1081 626 1138 memoriam
641 1081 805 1137 retinerent
828 1098 884 1137 neu
900 1079 1105 1154 perturbarer·

99 1211 101 1218 .
179 1161 214 1219 lo
228 1165 279 1218 tur
290 1161 390 1218 animo
411 1160 605 1235 hostiumque
617 1161 763 1235 impetum
777 1160 893 1216 fortiter
904 1160 1106 1231 sustinereut3

229 1241 309 1316 quod
331 1259 392 1298 non
415 1240 537 1314 lougius
560 1239 663 1297 hostes
682 1240 814 1308 aberant,
831 1256 996 1314 quamquo
1011 1238 1107 1296 telum

229 1321 317 1395 adjici
344 1327 457 1396 posset,
487 1320 584 1394 proelii
619 1318 827 1376 committendi
863 1319 985 1393 siguum
1013 1318 1105 1376 dedit.

230 1401 333 1476 Atque
348 1401 379 1457 iu
394 1400 520 1457 alteram
536 1405 653 1473 partem
665 1399 737 1455 item
749 1398 928 1456 cohortandi
940 1415 1032 1456 causa
1042 1415 1107 1472 pro

229 1479 326 1537 fectus
350 1480 560 1555 pugnantibus
583 1479 717 1536 occurrit.
762 1478 920 1552 Temporis
941 1483 1028 1534 tanta
1049 1478 1108 1535 fuit

178 1559 214 1616 15
229 1560 381 1634 exiguitas
406 1560 600 1635 hostiumque
615 1564 676 1616 tam
693 1564 819 1632 paratus
841 1559 880 1616 ad
901 1557 1107 1615 dimicandum

230 1639 358 1710 animus,
375 1645 408 1696 ut
430 1657 489 1695 uon
511 1639 600 1696 modo
625 1639 663 1695 ad
686 1638 819 1713 insignia
841 1637 1106 1707 accommodanda,

229 1719 389 1776 sedetiam
409 1719 446 1776 ad
469 1718 572 1793 galeas
588 1718 757 1775 induendas
772 1718 925 1794 scutisque
940 1717 1108 1791 tegimenta

229 1798 416 1855 detrudendo
448 1803 569 1872 tempus
598 1797 735 1855 defuerit.
786 1798 884 1870 Quam
912 1798 1040 1872 quisque
1069 1797 1107 1854 ab

229 1894 317 1952 opere
339 1879 369 1933 iu
390 1883 506 1953 partem
528 1895 600 1934 casu
622 1877 752 1947 devenit,
764 1895 889 1952 quaeque
902 1877 1000 1952 prima
1020 1877 1109 1950 signa

177 1957 214 2013 20
229 1957 393 2031 conspexit,
414 1957 452 2014 ad
475 1957 537 2014 haec
558 1957 703 2025 constitit,
727 1975 763 2013 ne
790 1958 822 2014 in
841 1957 1011 2032 querendis
1044 1959 1108 2016 suis

229 2036 386 2111 pugnandi
400 2041 521 2111 tempus
537 2036 709 2093 dimitteret.

270 2119 315 2174 22.
339 2116 492 2173 Instructo
513 2117 653 2185 exercitu,
669 2115 769 2190 magis
791 2121 826 2173 ut
847 2115 905 2173 loci
926 2119 1036 2172 natura
1061 2113 1109 2170 de·

232 2197 390 2270 jectusque
415 2196 499 2254 collis
530 2201 561 2253 et
585 2196 750 2252 necessitas
777 2195 930 2270 temporis,
955 2211 1044 2270 quam
1075 2198 1109 2251 ut

230 2275 269 2332 rei
286 2275 426 2332 militaris
446 2276 524 2332 ratio
542 2281 631 2350 atque
646 2275 718 2332 ordo
732 2275 915 2351 postulabat,
932 2293 1002 2332 cum
1013 2273 1110 2331 diver·

177 2354 214 2412 25
230 2355 272 2411 sis
298 2354 468 2429 legionibus
496 2355 561 2412 aliae
583 2355 643 2411 alia
664 2355 694 2411 in
716 2361 801 2429 parte
829 2354 969 2412 hostibus
990 2354 1110 2411 resiste·

231 2439 305 2503 rent,
322 2435 502 2510 sepibusque
524 2435 723 2504 densissimis,
745 2440 779 2490 ut
800 2440 870 2491 ante
892 2433 1110 2491 demonstravi-

232 2531 308 2582 mus,
320 2513 484 2587 interjectis
498 2520 675 2589 prospectus
687 2514 897 2590 impediretur;
919 2531 1014 2588 neque
1027 2518 1109 2570 certa

231 2593 369 2651 subsidia
383 2593 530 2663 collocari,
547 2611 642 2668 neque
664 2593 736 2668 quid
751 2594 782 2650 in
800 2611 917 2668 quaque
932 2600 1017 2667 parte
1033 2609 1109 2667 opus

230 2677 312 2729 esset
336 2673 496 2747 provideri,
522 2691 617 2748 neque
642 2673 679 2729 ab
702 2690 762 2730 uuo
784 2674 886 2730 omnia
911 2673 1035 2748 imperia
1060 2672 1110 2728 ad·

177 2753 216 2810 80
230 2752 395 2808 ministrari
409 2758 557 2827 poteraut.
600 2752 708 2827 Itaque
731 2753 762 2810 iu
783 2758 870 2810 tanta
884 2770 982 2810 rerum
1002 2750 1110 2826 iniqui·

232 2836 296 2888 tate
320 2831 447 2888 fortunae
462 2849 580 2907 quoque
595 2837 722 2889 eventus
737 2832 812 2890 varii
829 2833 1038 2908 sequebantur.

272 2913 317 2970 23.
341 2910 487 2985 Legionis
502 2927 587 2968 noua
607 2917 638 2968 et
652 2911 776 2968 decimae
790 2912 912 2980 milites,
926 2918 961 2969 ut
976 2912 1006 2968 in
1021 2909 1109 2968 sinis·

230 2995 280 3047 tra
299 2995 384 3066 parte
406 2991 468 3047 acie
490 2991 697 3060 constiterant,
719 2990 790 3066 pilis
811 2991 933 3049 emissis
963 3008 1052 3048 cursu
1075 3007 1110 3047 ac

230 3068 409 3127 lassitudine
450 3070 640 3127 exanimatos
683 3070 916 3146 vulneribusque
957 3070 1110 3128 conlectos

180 3149 218 3207 85
233 3147 397 3206 Atrebates
412 3151 497 3222 (nam
518 3149 566 3208 his
581 3168 617 3206 ea
631 3167 702 3224 pars
719 3150 907 3226 obvenerat),
924 3150 1058 3208 celeriter
1072 3165 1110 3206 ex

231 3227 297 3285 loeo
318 3229 470 3303 superiore
492 3229 653 3286 indumen
675 3230 900 3305 conrpulerunt3
920 3235 952 3286 et
979 3228 1110 3286 transire

232 3319 377 3366 conantes
401 3309 528 3365 insecuti
552 3309 663 3382 gladiis
698 3327 840 3383 magnam
865 3315 981 3384 partem
1004 3324 1109 3366 eorum
1149 3321 1153 3330 ·

231 3387 407 3462 impeditam
429 3387 649 3445 iuterfecerunt.
694 3387 756 3462 Ipsi
778 3389 907 3456 transire
923 3388 1032 3445 ilumeu
1049 3403 1109 3443 non
1158 3388 1161 3394 '

231 3466 462 3538 dubitaverunt;
485 3469 565 3524 etin
588 3467 687 3525 locum
713 3468 847 3544 iniquum
871 3468 1021 3545 progressi
1051 3483 1109 3524 rur·
