2524 3776
451 290 498 338 DE
522 291 643 339 BELLO
669 290 844 339 samec.

224 447 472 518 commeatusque
496 441 601 516 inopia
620 446 785 518 permotus,
801 445 924 517 postero
945 439 993 499 die
1016 438 1108 498 omni·

223 522 280 580 bus
295 524 319 597 ej
325 539 360 579 us
372 522 431 580 vici
443 521 578 580 adificiis
592 521 733 590 incensis,
749 521 781 577 in
794 520 983 597 provinciam
998 518 1108 578 reverti

222 601 395 674 contendit3
417 619 451 659 ac
473 601 557 659 nullo
571 600 658 658 hoste
673 599 851 676 prohibentc
871 606 924 658 aut
938 601 995 658 iter
1008 599 1108 658 clemo-

223 689 318 752 raute,
344 681 525 738 incolumem
548 680 699 755 legionem
723 679 756 737 in
779 679 961 751 Nantuates
982 679 1052 736 inde
1075 679 1107 738 in

190 761 208 819 b
223 758 406 835 Allobroges
419 760 561 836 perduxit
575 760 674 834 ibique
689 759 844 818 hiemavit.

264 841 289 901 l.
314 839 373 898 His
387 841 478 897 rebus
489 839 593 914 gestis,
605 857 674 897 cum
686 838 827 897 omnibus
838 839 875 897 de
887 837 989 896 causis
1002 839 1100 898 Oaesar

222 925 364 994 pacatam
386 919 520 978 Galliam
541 919 739 989 existimaret,
755 918 905 995 superatis
927 918 1041 994 Belgis,
1057 937 1105 976 ex·

221 999 319 1074 pulsis
342 999 511 1069 Germanis
527 999 618 1056 victis
640 998 671 1055 in
694 997 827 1074 Alpibus
851 997 991 1068 Sedunis,
1014 1004 1105 1073 atquo

222 1078 266 1136 ita
290 1079 366 1136 inita
386 1078 485 1136 hieme
508 1078 539 1136 in
559 1078 717 1153 Illyricum
738 1078 891 1155 profectus
911 1083 1001 1148 esset,
1024 1079 1105 1152 quod

170 1157 207 1215 lo
221 1175 273 1216 eas
301 1176 421 1234 quoque
442 1157 580 1216 nationes
602 1158 684 1216 adire
712 1165 743 1215 et
763 1158 902 1232 regiones
925 1175 1105 1232 cognoscere

222 1238 353 1307 volebat,
382 1239 518 1295 subitum
552 1237 663 1295 bellum
691 1237 722 1294 in
750 1237 851 1296 Gallia
878 1235 1026 1295 coortum
1047 1243 1102 1296 est.

222 1315 297 1392 Ejus
311 1317 383 1375 belli
405 1317 468 1375 haec
482 1318 539 1374 fuit
553 1334 654 1376 causa.
697 1317 827 1375 Publius
844 1317 974 1376 Crassus
988 1317 1104 1375 adoles·

221 1413 292 1456 cens
307 1414 375 1454 cum
389 1397 507 1472 legione
522 1398 655 1473 septima
674 1397 831 1472 proximus
848 1415 931 1454 mare
947 1395 1102 1454 Oceanum

220 1475 251 1532 in
273 1474 415 1534 Andibus
435 1477 592 1535 hiemarat.
636 1477 678 1547 Is,
694 1477 775 1552 quod
796 1477 827 1534 in
848 1476 896 1534 his
910 1476 984 1534 locis
999 1477 1102 1551 inopia

169 1555 203 1614 15
222 1555 363 1613 frumenti
387 1562 460 1627 erat,
476 1556 633 1631 praefectos
655 1556 852 1632 tribunosque
871 1556 1002 1612 militum
1025 1573 1102 1612 oom-

219 1635 321 1710 plures
335 1636 366 1692 in
382 1635 526 1694 finitimas
537 1637 678 1694 civitates
699 1636 843 1694 frumenti
855 1641 1101 1710 commeatusque

219 1715 342 1791 petendi
365 1733 458 1774 causa
482 1716 615 1775 dimisit:
637 1733 697 1791 quo
720 1715 751 1772 in
775 1732 901 1773 numero
922 1720 988 1772 erat
1012 1715 1100 1773 Titus

220 1793 418 1865 Terrasidius,
446 1795 558 1853 missus
583 1795 614 1853 in
642 1795 794 1868 Esubios3
822 1795 947 1852 Marcus
972 1794 1100 1852 Trebius

222 1874 327 1933 Gallus
341 1875 372 1932 in
388 1874 607 1950 Ouriosolitas3
630 1875 762 1949 Quintus
776 1875 925 1933 Velanius
947 1892 1015 1932 oum
1030 1873 1100 1932 Tito

167 1953 204 2010 20
221 1952 295 2011 Silio
310 1953 341 2011 in
356 1954 501 2013 Venetos,

260 2037 285 2092 8.
309 2033 410 2108 Hujus
424 2040 472 2092 est
483 2034 619 2092 civitatis
630 2035 720 2109 longe
731 2034 920 2110 amplissima
933 2033 1098 2092 auotoritas

220 2112 318 2170 omnis
347 2131 406 2172 orae
433 2115 591 2172 maritimae
619 2115 776 2189 regionum
803 2131 923 2186 earum;
958 2106 1038 2188 quiid
1066 2117 1098 2172 et

219 2209 315 2267 naves
329 2192 441 2250 habent
452 2194 563 2252 Veneti
577 2194 731 2270 plurimas,
743 2193 855 2268 quibus
865 2192 897 2249 in
907 2193 1097 2252 Britanniam

218 2271 363 2347 navigare
378 2279 569 2343 consuerunt,
584 2280 616 2331 et
636 2273 762 2332 scientia
781 2278 871 2348 atque
886 2289 944 2329 usu
965 2272 1097 2330 nautica·

165 2351 203 2409 25
218 2368 284 2408 rum
300 2369 398 2410 rerum
414 2353 544 2428 reliquos
560 2354 749 2424 antecedunt,
765 2358 797 2409 et
811 2353 841 2409 in
856 2369 968 2427 magno
982 2353 1097 2427 impetu

185 2429 187 2432 ’
218 2431 310 2489 maris
325 2437 416 2506 atque
434 2437 538 2508 aperto
560 2433 664 2508 paucis
684 2432 822 2509 portibus
837 2431 1008 2506 interjectis,
1021 2447 1097 2506 quos

216 2515 322 2568 tenent
336 2512 401 2587 ipsi,
418 2528 522 2570 omnes
537 2512 606 2582 lere,
623 2513 674 2586 qui
695 2530 731 2570 eo
751 2512 829 2569 mari
847 2511 892 2568 uti
907 2517 1095 2580 consuerant,

218 2589 331 2647 habent
346 2591 520 2665 vectigales.
563 2592 613 2649 Ab
628 2591 666 2650 iis
681 2592 714 2650 iit
728 2592 848 2649 initium
865 2591 1012 2648 retinendi
1028 2589 1096 2649 Silii

217 2675 307 2744 atque
322 2670 452 2742 Velanii,
468 2671 548 2746 quod
571 2689 625 2747 per
647 2690 700 2730 eos
723 2689 794 2728 suos
818 2688 850 2728 se
873 2671 1000 2742 obsides,
1019 2685 1096 2745 quos

164 2749 202 2806 30
218 2748 328 2807 Crasso
344 2749 507 2822 dedissent,
524 2758 752 2827 recuperaturos
767 2750 990 2808 existimabant.
1033 2749 1097 2807 Ho-

215 2846 281 2885 rum
304 2831 483 2888 auctoritate
506 2830 622 2888 finitimi
643 2830 766 2888 adducti
789 2830 837 2906 (ut
852 2836 923 2886 sunt
939 2827 1096 2890 Gallorum

217 2909 317 2966 subita
339 2915 370 2967 et
389 2911 547 2985 repentina
567 2911 717 2987 consilia),
733 2909 838 2967 eadem
859 2908 896 2966 de
917 2926 1009 2966 causa
1026 2907 1096 2966 Tre·

215 2988 296 3045 bium
326 2989 588 3064 Terrasidiumque
616 2991 754 3060 retinent,
776 2995 808 3047 et
834 2988 969 3046 celeriter
995 2988 1096 3046 missis

215 3067 324 3141 legatis
349 3085 402 3143 per
424 3086 495 3126 suos
516 3069 666 3144 principes
688 3070 767 3126 inter
788 3085 820 3126 se
840 3068 1005 3143 conjurant,
1022 3067 1095 3126 nihil

162 3147 200 3204 85
216 3147 273 3204 nisi
302 3149 450 3204 communi
477 3149 601 3207 consilio
630 3155 750 3206 acturos
781 3148 969 3223 eundemque
997 3148 1095 3205 omnis

215 3225 341 3282 fortunae
364 3227 477 3284 exitum
499 3246 565 3286 esso
586 3229 720 3302 laturos,
742 3228 932 3302 reliquasque
954 3226 1095 3285 civitates

216 3304 387 3376 sollicitant,
403 3312 438 3364 ut
452 3307 484 3363 in
498 3325 534 3365 ea
549 3307 698 3379 libertate,
714 3325 803 3383 quam
825 3325 843 3366 a
864 3306 1028 3381 majoribus
1050 3324 1095 3364 ac·

215 3390 365 3458 ceperant,
380 3403 554 3461 permanere
580 3405 669 3462 quam
692 3387 900 3446 Romanorum
916 3386 1094 3444 servitutem

213 3464 343 3540 perferre
368 3465 493 3524 mallent
544 3465 635 3524 Omni
657 3484 710 3524 ora
732 3467 883 3524 maritima
899 3465 1035 3524 celeriter
1055 3464 1095 3523 ad
