2524 3776
387 671 424 742 C.
448 671 574 745 JULII
604 672 804 746 CAESARIS

242 849 949 980 COMMENTABH

307 1231 311 1237 ’
354 1225 542 1299 BELLO
570 1225 840 1312 GALLIGO.

495 1408 703 1450 —wfflw-

456 1549 658 1640 LIBER
691 1552 734 1641 Ι.

187 1749 213 1809 1.
237 1748 366 1810 Gannrn
380 1753 427 1806 est
441 1747 540 1805 omnis
555 1747 654 1805 divisa
668 1747 699 1806 in
713 1755 815 1824 partes
829 1755 900 1817 tres,
913 1767 1039 1825 quarum

149 1847 241 1888 unam
263 1829 399 1894 incolunt
420 1827 531 1902 Belgae,
556 1828 646 1884 aliam
668 1828 826 1904 Aquitani,
840 1829 971 1900 tertiam,
988 1831 1039 1906 qui

150 1909 283 1984 ipsorum
318 1907 423 1982 lingua
452 1906 554 1975 Celtae,
590 1913 694 1964 nostra
729 1907 808 1966 Galli
843 1909 1038 1985 appellantur.

151 1988 192 2046 Hi
219 2004 324 2046 omnes
349 1986 462 2061 lingua,
484 1986 643 2057 institutis,
664 1986 783 2061 legibus
808 1988 939 2046 interae
961 1989 1041 2046 diffe-

150 2073 225 2125 runt.
283 2065 387 2126 Gallos
423 2065 460 2122 ab
488 2065 654 2140 Aquitanis
689 2067 844 2126 Garumna
874 2067 991 2138 flumen,
1022 2087 1041 2126 a
1075 2075 1092 2131 5

151 2146 255 2222 Belgis
280 2147 424 2203 Matrona
448 2151 478 2202 et
504 2145 646 2219 Sequana
670 2145 788 2204 dividit.
832 2147 951 2204 Horum
980 2165 1040 2205 om·

151 2228 234 2284 nium
249 2224 408 2282 fortissimi
428 2229 500 2281 sunt
514 2224 626 2298 Belgis,
641 2231 801 2300 propterea
815 2227 895 2301 quod
917 2245 935 2284 a
956 2227 1039 2284 cultu

149 2313 239 2382 atque
255 2305 444 2362 humanitate
462 2304 623 2378 provincia
635 2305 810 2380 longissime
823 2306 941 2376 absunt,
954 2307 1040 2362 mini-

149 2403 255 2461 meque
271 2384 309 2442 ad
324 2401 376 2443 eos
392 2390 572 2440 mercatores
594 2400 682 2466 saepq
695 2391 873 2455 commeant,
890 2392 979 2460 atque
994 2403 1038 2456 ea,

149 2483 214 2540 quae
238 2464 276 2521 ad
299 2463 516 2523 effeminandos
540 2462 657 2519 animos
678 2465 839 2538 pertinent,
859 2464 1090 2538 important310

150 2543 337 2619 proximique
359 2547 430 2599 suut
450 2541 618 2612 Germanis,
633 2543 684 2617 qui
702 2549 787 2600 trans
801 2543 945 2601 Rhenum
962 2544 1041 2601 inco-

150 2623 226 2692 lunt,
242 2623 422 2698 quibuscum
441 2621 630 2678 continenter
643 2621 753 2679 bellum
775 2630 901 2696 gerunt:
923 2641 983 2698 qua
1003 2623 1040 2680 de

150 2720 241 2759 causa
257 2701 392 2758 Helvetii
407 2718 524 2775 quoque
536 2701 668 2775 reliquos
683 2701 787 2760 Gallos
803 2703 914 2759 virtute
935 2720 1041 2776 praece-

150 2782 235 2850 dunt,
242 2781 322 2856 quod
332 2780 393 2836 iere
402 2779 587 2854 quotidianis
598 2780 711 2854 proeliis
723 2798 790 2838 cum
803 2781 962 2840 Germanis
974 2799 1042 2839 con·

151 2861 288 2928 tendunt,
301 2876 368 2916 cum
379 2865 431 2916 aut
440 2859 502 2915 suis
514 2859 622 2916 finibus
631 2877 682 2916 eos
693 2859 863 2934 prohihent,
875 2867 928 2918 aut
938 2861 997 2936 ipsi
1008 2861 1039 2917 in
1057 2864 1091 2920 15

150 2957 255 2998 eornm
271 2938 501 2995 finibusbellum
513 2943 630 3012 gerunt.
660 2939 774 2996 Eorum
786 2957 936 3015 unapars,
949 2958 1040 3015 quam

152 3017 256 3078 Gallos
275 3018 410 3076 obtinere
430 3018 543 3075 dictum
567 3023 622 3088 est,
639 3018 761 3076 initium
782 3019 863 3094 capit
880 3037 899 3076 a
919 3019 1040 3076 flumine

151 3098 321 3171 Rhodan03
331 3097 502 3154 continetur
517 3097 673 3155 Garumna
687 3097 817 3167 flumine,
832 3097 962 3167 Ocean0,
978 3098 1041 3153 fini-

151 3179 207 3235 bus
222 3177 404 3251 Belgarum3
426 3176 552 3250 attingit
565 3176 657 3234 etiam
674 3176 711 3232 ab
724 3176 872 3251 Sequanis
887 3183 917 3234 et
931 3176 1041 3234 Helve-

153 3257 204 3315 tiis
215 3257 325 3314 flumen
338 3256 500 3330 Rhenum
516 3256 615 3329 vergit
630 3256 667 3313 ad
683 3256 910 3330 septentriones
938 3256 1039 3328 Belgae
1056 3258 1091 3311 20

153 3338 190 3394 ab
218 3335 364 3394 extremis
385 3334 491 3393 Galliae
520 3335 629 3391 finibus
650 3335 803 3406 oriuntur3
824 3335 977 3408 pertinent
1002 3333 1040 3387 ad

152 3415 323 3473 inferiorem
345 3420 463 3488 partem
478 3413 611 3469 fluminis
625 3413 744 3486 Rheni;
766 3417 905 3485 spectant
925 3412 957 3466 in
978 3425 1042 3479 sep-

153 3495 318 3554 tentriones
333 3501 365 3552 et
379 3494 525 3552 orientem
541 3492 643 3549 solem.
677 3490 845 3565 Aquitania
860 3507 878 3543 a
888 3487 1042 3544 Garumna

872 3573 922 3633 (9)
