<?xml version="1.0" encoding="UTF-8"?>
<!DOCTYPE html PUBLIC "-//W3C//DTD XHTML 1.0 Transitional//EN"
    "http://www.w3.org/TR/xhtml1/DTD/xhtml1-transitional.dtd">
<html xmlns="http://www.w3.org/1999/xhtml" xml:lang="en" lang="en">
 <head>
  <title>
</title>
<meta http-equiv="Content-Type" content="text/html;charset=utf-8" />
  <meta name='ocr-system' content='tesseract 3.04.00' />
  <meta name='ocr-capabilities' content='ocr_page ocr_carea ocr_par ocr_line ocrx_word'/>
</head>
<body>
  <div class='ocr_page' id='page_1' title='image "./caiijuliicaesar03caesgoog_0186.png"; bbox 0 0 2562 3770; ppageno 0'>
   <div class='ocr_carea' id='block_1_1' title="bbox 201 255 864 323">
    <p class='ocr_par' dir='ltr' id='par_1_1' title="bbox 201 255 864 323">
     <span class='ocr_line' id='line_1_1' title="bbox 201 255 864 323; baseline 0.002 -2"><span class='ocrx_word' id='word_1_1' title='bbox 201 255 262 322; x_wconf 79' lang='grc'><strong>178</strong></span> <span class='ocrx_word' id='word_1_2' title='bbox 471 271 519 318; x_wconf 83' lang='lat' dir='ltr'><strong>nn</strong></span> <span class='ocrx_word' id='word_1_3' title='bbox 544 272 665 319; x_wconf 79' lang='lat' dir='ltr'><strong>annno</strong></span> <span class='ocrx_word' id='word_1_4' title='bbox 691 271 864 323; x_wconf 72' lang='lat' dir='ltr'><strong>assumo,</strong></span> 
     </span>
    </p>
   </div>
   <div class='ocr_carea' id='block_1_2' title="bbox 177 422 1137 3530">
    <p class='ocr_par' dir='ltr' id='par_1_2' title="bbox 177 422 1137 3530">
     <span class='ocr_line' id='line_1_2' title="bbox 248 422 1129 500; baseline 0.006 -18"><span class='ocrx_word' id='word_1_5' title='bbox 248 429 315 482; x_wconf 87' lang='lat' dir='ltr'><strong>erat</strong></span> <span class='ocrx_word' id='word_1_6' title='bbox 337 424 425 500; x_wconf 85' lang='lat' dir='ltr'><strong>copia</strong></span> <span class='ocrx_word' id='word_1_7' title='bbox 450 423 490 481; x_wconf 89' lang='lat' dir='ltr'><strong>ab</strong></span> <span class='ocrx_word' id='word_1_8' title='bbox 512 422 691 481; x_wconf 84' lang='lat' dir='ltr'><strong>Mandubiis</strong></span> <span class='ocrx_word' id='word_1_9' title='bbox 714 423 877 499; x_wconf 58' lang='lat' dir='ltr'><strong>compulsa</strong></span> <span class='ocrx_word' id='word_1_10' title='bbox 894 423 1008 484; x_wconf 87' lang='lat' dir='ltr'><strong>viritim</strong></span> <span class='ocrx_word' id='word_1_11' title='bbox 1033 425 1129 486; x_wconf 73' lang='lat' dir='ltr'><strong>distru-</strong></span> 
     </span>
     <span class='ocr_line' id='line_1_3' title="bbox 248 504 1131 579; baseline 0.005 -17"><span class='ocrx_word' id='word_1_12' title='bbox 248 504 331 578; x_wconf 87' lang='lat' dir='ltr'><strong>buit;</strong></span> <span class='ocrx_word' id='word_1_13' title='bbox 352 505 537 562; x_wconf 82' lang='lat' dir='ltr'><strong>frumentum</strong></span> <span class='ocrx_word' id='word_1_14' title='bbox 553 521 642 579; x_wconf 88' lang='lat' dir='ltr'><strong>parce</strong></span> <span class='ocrx_word' id='word_1_15' title='bbox 657 509 688 560; x_wconf 91' lang='lat' dir='ltr'><strong>et</strong></span> <span class='ocrx_word' id='word_1_16' title='bbox 702 504 848 578; x_wconf 88' lang='lat' dir='ltr'><strong>paulatim</strong></span> <span class='ocrx_word' id='word_1_17' title='bbox 864 504 965 562; x_wconf 87' lang='lat' dir='ltr'><strong>metiri</strong></span> <span class='ocrx_word' id='word_1_18' title='bbox 980 505 1131 566; x_wconf 83' lang='lat' dir='ltr'><strong>instituit:</strong></span> 
     </span>
     <span class='ocr_line' id='line_1_4' title="bbox 249 583 1130 662; baseline 0 -20"><span class='ocrx_word' id='word_1_19' title='bbox 249 584 352 659; x_wconf 87' lang='lat' dir='ltr'><strong>copias</strong></span> <span class='ocrx_word' id='word_1_20' title='bbox 363 601 476 654; x_wconf 83' lang='lat' dir='ltr'><strong>cumea,</strong></span> <span class='ocrx_word' id='word_1_21' title='bbox 493 601 570 658; x_wconf 89' lang='lat' dir='ltr'><strong>quas</strong></span> <span class='ocrx_word' id='word_1_22' title='bbox 584 600 637 657; x_wconf 90' lang='lat' dir='ltr'><strong>pro</strong></span> <span class='ocrx_word' id='word_1_23' title='bbox 652 584 765 658; x_wconf 89' lang='lat' dir='ltr'><strong>oppido</strong></span> <span class='ocrx_word' id='word_1_24' title='bbox 780 583 988 654; x_wconf 78' lang='lat' dir='ltr'>collocaverat,</span> <span class='ocrx_word' id='word_1_25' title='bbox 1003 585 1034 642; x_wconf 92' lang='lat' dir='ltr'><strong>in</strong></span> <span class='ocrx_word' id='word_1_26' title='bbox 1050 587 1130 662; x_wconf 87' lang='lat' dir='ltr'><strong>oppi-</strong></span> 
     </span>
     <span class='ocr_line' id='line_1_5' title="bbox 248 663 1131 740; baseline 0.003 -20"><span class='ocrx_word' id='word_1_27' title='bbox 248 663 321 721; x_wconf 90' lang='lat' dir='ltr'><strong>dum</strong></span> <span class='ocrx_word' id='word_1_28' title='bbox 337 664 450 740; x_wconf 79' lang='lat' dir='ltr'><strong>recipit.</strong></span> <span class='ocrx_word' id='word_1_29' title='bbox 495 663 555 720; x_wconf 89' lang='lat' dir='ltr'><strong>His</strong></span> <span class='ocrx_word' id='word_1_30' title='bbox 571 663 740 720; x_wconf 89' lang='lat' dir='ltr'><strong>rationibus</strong></span> <span class='ocrx_word' id='word_1_31' title='bbox 762 663 875 721; x_wconf 86' lang='lat' dir='ltr'><strong>auxilia</strong></span> <span class='ocrx_word' id='word_1_32' title='bbox 891 663 996 722; x_wconf 76' lang='lat' dir='ltr'><strong>Gallia</strong></span> <span class='ocrx_word' id='word_1_33' title='bbox 1011 683 1131 740; x_wconf 86' lang='lat' dir='ltr'><strong>exspec-</strong></span> 
     </span>
     <span class='ocr_line' id='line_1_6' title="bbox 213 743 1137 819; baseline -0.001 -18"><span class='ocrx_word' id='word_1_34' title='bbox 213 755 232 812; x_wconf 72' lang='grc'><strong>5</strong></span> <span class='ocrx_word' id='word_1_35' title='bbox 247 748 311 802; x_wconf 87' lang='lat' dir='ltr'><strong>tare</strong></span> <span class='ocrx_word' id='word_1_36' title='bbox 326 750 357 802; x_wconf 90' lang='lat' dir='ltr'><strong>et</strong></span> <span class='ocrx_word' id='word_1_37' title='bbox 373 745 484 802; x_wconf 84' lang='lat' dir='ltr'><strong>bellum</strong></span> <span class='ocrx_word' id='word_1_38' title='bbox 500 743 711 800; x_wconf 85' lang='lat' dir='ltr'><strong>administrare</strong></span> <span class='ocrx_word' id='word_1_39' title='bbox 726 748 821 819; x_wconf 89' lang='lat' dir='ltr'><strong>parat.</strong></span> <span class='ocrx_word' id='word_1_40' title='bbox 1135 759 1137 764; x_wconf 88' lang='lat'>·</span> 
     </span>
     <span class='ocr_line' id='line_1_7' title="bbox 288 823 1129 900; baseline -0.001 -17"><span class='ocrx_word' id='word_1_41' title='bbox 288 825 333 884; x_wconf 79' lang='lat' dir='ltr'><strong>m.</strong></span> <span class='ocrx_word' id='word_1_42' title='bbox 357 825 477 897; x_wconf 85' lang='lat' dir='ltr'><strong>Quibus</strong></span> <span class='ocrx_word' id='word_1_43' title='bbox 500 824 588 880; x_wconf 90' lang='lat' dir='ltr'><strong>rebus</strong></span> <span class='ocrx_word' id='word_1_44' title='bbox 603 841 640 880; x_wconf 88' lang='lat' dir='ltr'><strong>ex</strong></span> <span class='ocrx_word' id='word_1_45' title='bbox 655 823 790 898; x_wconf 82' lang='lat' dir='ltr'><strong>perfugis</strong></span> <span class='ocrx_word' id='word_1_46' title='bbox 804 824 980 900; x_wconf 85' lang='lat' dir='ltr'><strong>etcaptivis</strong></span> <span class='ocrx_word' id='word_1_47' title='bbox 996 825 1129 899; x_wconf 88' lang='lat' dir='ltr'><strong>cognitis</strong></span> 
     </span>
     <span class='ocr_line' id='line_1_8' title="bbox 248 903 1129 977; baseline 0 -15"><span class='ocrx_word' id='word_1_48' title='bbox 248 903 351 962; x_wconf 77' lang='lat' dir='ltr'><strong>Caesar</strong></span> <span class='ocrx_word' id='word_1_49' title='bbox 375 903 439 963; x_wconf 86' lang='lat' dir='ltr'><strong>haec</strong></span> <span class='ocrx_word' id='word_1_50' title='bbox 468 920 581 977; x_wconf 84' lang='lat' dir='ltr'><strong>genera</strong></span> <span class='ocrx_word' id='word_1_51' title='bbox 610 903 788 960; x_wconf 89' lang='lat' dir='ltr'><strong>munitionis</strong></span> <span class='ocrx_word' id='word_1_52' title='bbox 812 904 952 961; x_wconf 79' lang='lat' dir='ltr'><strong>instituit.</strong></span> <span class='ocrx_word' id='word_1_53' title='bbox 999 904 1129 962; x_wconf 78' lang='lat' dir='ltr'><strong>Fossam</strong></span> 
     </span>
     <span class='ocr_line' id='line_1_9' title="bbox 245 983 1130 1058; baseline 0.002 -18"><span class='ocrx_word' id='word_1_54' title='bbox 245 983 354 1058; x_wconf 90' lang='lat' dir='ltr'><strong>pedum</strong></span> <span class='ocrx_word' id='word_1_55' title='bbox 372 985 480 1058; x_wconf 84' lang='lat' dir='ltr'><strong>viginti</strong></span> <span class='ocrx_word' id='word_1_56' title='bbox 496 983 618 1040; x_wconf 87' lang='lat' dir='ltr'><strong>directis</strong></span> <span class='ocrx_word' id='word_1_57' title='bbox 633 983 779 1040; x_wconf 82' lang='lat' dir='ltr'><strong>lateribus</strong></span> <span class='ocrx_word' id='word_1_58' title='bbox 794 983 889 1054; x_wconf 81' lang='lat' dir='ltr'><strong>(luxit,</strong></span> <span class='ocrx_word' id='word_1_59' title='bbox 905 990 939 1041; x_wconf 89' lang='lat' dir='ltr'><strong>ut</strong></span> <span class='ocrx_word' id='word_1_60' title='bbox 959 985 1024 1056; x_wconf 87' lang='lat' dir='ltr'><strong>ejus</strong></span> <span class='ocrx_word' id='word_1_61' title='bbox 1039 984 1130 1042; x_wconf 78' lang='lat' dir='ltr'><strong>fossae</strong></span> 
     </span>
     <span class='ocr_line' id='line_1_10' title="bbox 246 1064 1131 1138; baseline 0.001 -18"><span class='ocrx_word' id='word_1_62' title='bbox 246 1064 344 1120; x_wconf 88' lang='lat' dir='ltr'><strong>solum</strong></span> <span class='ocrx_word' id='word_1_63' title='bbox 366 1064 544 1122; x_wconf 82' lang='lat' dir='ltr'><strong>tantundem</strong></span> <span class='ocrx_word' id='word_1_64' title='bbox 566 1068 691 1137; x_wconf 88' lang='lat' dir='ltr'><strong>pateret,</strong></span> <span class='ocrx_word' id='word_1_65' title='bbox 718 1070 866 1138; x_wconf 86' lang='lat' dir='ltr'><strong>quantum</strong></span> <span class='ocrx_word' id='word_1_66' title='bbox 894 1081 1015 1121; x_wconf 85' lang='lat' dir='ltr'><strong>summa</strong></span> <span class='ocrx_word' id='word_1_67' title='bbox 1044 1064 1131 1121; x_wconf 91' lang='lat' dir='ltr'><strong>labra</strong></span> 
     </span>
     <span class='ocr_line' id='line_1_11' title="bbox 196 1143 1131 1218; baseline 0.002 -18"><span class='ocrx_word' id='word_1_68' title='bbox 196 1151 230 1209; x_wconf 90' lang='lat'><strong>10</strong></span> <span class='ocrx_word' id='word_1_69' title='bbox 246 1143 402 1202; x_wconf 85' lang='lat' dir='ltr'><strong>distarent.</strong></span> <span class='ocrx_word' id='word_1_70' title='bbox 446 1143 594 1218; x_wconf 81' lang='lat' dir='ltr'><strong>Reliquas</strong></span> <span class='ocrx_word' id='word_1_71' title='bbox 609 1161 714 1200; x_wconf 88' lang='lat' dir='ltr'><strong>omnes</strong></span> <span class='ocrx_word' id='word_1_72' title='bbox 729 1143 912 1201; x_wconf 82' lang='lat' dir='ltr'><strong>munitiones</strong></span> <span class='ocrx_word' id='word_1_73' title='bbox 934 1144 972 1200; x_wconf 91' lang='lat' dir='ltr'><strong>ab</strong></span> <span class='ocrx_word' id='word_1_74' title='bbox 993 1162 1029 1201; x_wconf 87' lang='lat' dir='ltr'><strong>ea</strong></span> <span class='ocrx_word' id='word_1_75' title='bbox 1044 1144 1131 1202; x_wconf 86' lang='lat' dir='ltr'><strong>fossa</strong></span> 
     </span>
     <span class='ocr_line' id='line_1_12' title="bbox 243 1222 1130 1299; baseline 0.001 -18"><span class='ocrx_word' id='word_1_76' title='bbox 243 1224 337 1298; x_wconf 89' lang='lat' dir='ltr'><strong>pedes</strong></span> <span class='ocrx_word' id='word_1_77' title='bbox 346 1223 586 1299; x_wconf 88' lang='lat' dir='ltr'><strong>quadringentos</strong></span> <span class='ocrx_word' id='word_1_78' title='bbox 596 1222 728 1280; x_wconf 84' lang='lat' dir='ltr'><strong>reduxit:</strong></span> <span class='ocrx_word' id='word_1_79' title='bbox 741 1223 772 1280; x_wconf 91' lang='lat' dir='ltr'><strong>id</strong></span> <span class='ocrx_word' id='word_1_80' title='bbox 782 1223 838 1280; x_wconf 93' lang='lat' dir='ltr'><strong>hoc</strong></span> <span class='ocrx_word' id='word_1_81' title='bbox 847 1222 1130 1299; x_wconf 88' lang='lat' dir='ltr'><strong>consilio,quoniam</strong></span> 
     </span>
     <span class='ocr_line' id='line_1_13' title="bbox 244 1303 1132 1378; baseline 0.002 -18"><span class='ocrx_word' id='word_1_82' title='bbox 244 1309 363 1361; x_wconf 88' lang='lat' dir='ltr'><strong>tantum</strong></span> <span class='ocrx_word' id='word_1_83' title='bbox 392 1310 474 1361; x_wconf 89' lang='lat' dir='ltr'><strong>esset</strong></span> <span class='ocrx_word' id='word_1_84' title='bbox 501 1303 671 1360; x_wconf 88' lang='lat' dir='ltr'><strong>necessario</strong></span> <span class='ocrx_word' id='word_1_85' title='bbox 699 1304 831 1377; x_wconf 86' lang='lat' dir='ltr'><strong>spatium</strong></span> <span class='ocrx_word' id='word_1_86' title='bbox 860 1303 1042 1378; x_wconf 83' lang='lat' dir='ltr'><strong>complexus,</strong></span> <span class='ocrx_word' id='word_1_87' title='bbox 1072 1322 1132 1362; x_wconf 88' lang='lat' dir='ltr'><strong>nec</strong></span> 
     </span>
     <span class='ocr_line' id='line_1_14' title="bbox 245 1382 1131 1458; baseline 0.002 -19"><span class='ocrx_word' id='word_1_88' title='bbox 245 1382 332 1440; x_wconf 79' lang='lat' dir='ltr'><strong>facite</strong></span> <span class='ocrx_word' id='word_1_89' title='bbox 353 1390 450 1441; x_wconf 90' lang='lat' dir='ltr'><strong>totum</strong></span> <span class='ocrx_word' id='word_1_90' title='bbox 473 1401 581 1458; x_wconf 87' lang='lat' dir='ltr'><strong>corpus</strong></span> <span class='ocrx_word' id='word_1_91' title='bbox 601 1400 713 1440; x_wconf 90' lang='lat' dir='ltr'><strong>corona</strong></span> <span class='ocrx_word' id='word_1_92' title='bbox 734 1383 864 1440; x_wconf 89' lang='lat' dir='ltr'><strong>militnm</strong></span> <span class='ocrx_word' id='word_1_93' title='bbox 886 1384 1065 1457; x_wconf 81' lang='lat' dir='ltr'><strong>cingeretur,</strong></span> <span class='ocrx_word' id='word_1_94' title='bbox 1088 1402 1131 1442; x_wconf 88' lang='lat' dir='ltr'><strong>ne</strong></span> 
     </span>
     <span class='ocr_line' id='line_1_15' title="bbox 245 1462 1131 1539; baseline 0 -19"><span class='ocrx_word' id='word_1_95' title='bbox 245 1463 282 1520; x_wconf 90' lang='lat' dir='ltr'><strong>de</strong></span> <span class='ocrx_word' id='word_1_96' title='bbox 297 1464 461 1539; x_wconf 89' lang='lat' dir='ltr'><strong>improviso</strong></span> <span class='ocrx_word' id='word_1_97' title='bbox 477 1471 530 1521; x_wconf 87' lang='lat' dir='ltr'><strong>aut</strong></span> <span class='ocrx_word' id='word_1_98' title='bbox 545 1469 635 1520; x_wconf 93' lang='lat' dir='ltr'><strong>noctu</strong></span> <span class='ocrx_word' id='word_1_99' title='bbox 651 1463 689 1520; x_wconf 94' lang='lat' dir='ltr'><strong>ad</strong></span> <span class='ocrx_word' id='word_1_100' title='bbox 704 1463 889 1520; x_wconf 89' lang='lat' dir='ltr'><strong>munitiones</strong></span> <span class='ocrx_word' id='word_1_101' title='bbox 904 1462 1037 1520; x_wconf 88' lang='lat' dir='ltr'><strong>hostium</strong></span> <span class='ocrx_word' id='word_1_102' title='bbox 1052 1463 1131 1520; x_wconf 91' lang='lat' dir='ltr'><strong>mul-</strong></span> 
     </span>
     <span class='ocr_line' id='line_1_16' title="bbox 194 1542 1131 1618; baseline 0.001 -18"><span class='ocrx_word' id='word_1_103' title='bbox 194 1552 228 1608; x_wconf 84' lang='lat'><strong>15</strong></span> <span class='ocrx_word' id='word_1_104' title='bbox 244 1543 343 1602; x_wconf 91' lang='lat' dir='ltr'><strong>titudo</strong></span> <span class='ocrx_word' id='word_1_105' title='bbox 366 1544 541 1616; x_wconf 79' lang='lat' dir='ltr'><strong>advolaret3</strong></span> <span class='ocrx_word' id='word_1_106' title='bbox 565 1549 618 1600; x_wconf 90' lang='lat' dir='ltr'><strong>aut</strong></span> <span class='ocrx_word' id='word_1_107' title='bbox 638 1543 767 1600; x_wconf 86' lang='lat' dir='ltr'><strong>interdiu</strong></span> <span class='ocrx_word' id='word_1_108' title='bbox 789 1542 851 1600; x_wconf 89' lang='lat' dir='ltr'><strong>tela</strong></span> <span class='ocrx_word' id='word_1_109' title='bbox 865 1543 896 1600; x_wconf 93' lang='lat' dir='ltr'><strong>in</strong></span> <span class='ocrx_word' id='word_1_110' title='bbox 911 1550 1030 1600; x_wconf 91' lang='lat' dir='ltr'><strong>nostros</strong></span> <span class='ocrx_word' id='word_1_111' title='bbox 1045 1544 1131 1618; x_wconf 82' lang='lat' dir='ltr'><strong>operi</strong></span> 
     </span>
     <span class='ocr_line' id='line_1_17' title="bbox 244 1622 1132 1698; baseline 0 -18"><span class='ocrx_word' id='word_1_112' title='bbox 244 1624 412 1681; x_wconf 85' lang='lat' dir='ltr'><strong>destinatos</strong></span> <span class='ocrx_word' id='word_1_113' title='bbox 434 1623 578 1698; x_wconf 81' lang='lat' dir='ltr'><strong>conjicere</strong></span> <span class='ocrx_word' id='word_1_114' title='bbox 600 1629 732 1696; x_wconf 84' lang='lat' dir='ltr'><strong>possent.</strong></span> <span class='ocrx_word' id='word_1_115' title='bbox 777 1623 846 1680; x_wconf 91' lang='lat' dir='ltr'><strong>Hoc</strong></span> <span class='ocrx_word' id='word_1_116' title='bbox 867 1622 1038 1680; x_wconf 84' lang='lat' dir='ltr'><strong>intermisso</strong></span> <span class='ocrx_word' id='word_1_117' title='bbox 1060 1641 1132 1698; x_wconf 88' lang='lat' dir='ltr'><strong>spa-</strong></span> 
     </span>
     <span class='ocr_line' id='line_1_18' title="bbox 243 1702 1131 1778; baseline -0.001 -18"><span class='ocrx_word' id='word_1_118' title='bbox 243 1703 294 1771; x_wconf 92' lang='lat' dir='ltr'><strong>tio,</strong></span> <span class='ocrx_word' id='word_1_119' title='bbox 312 1704 387 1760; x_wconf 88' lang='lat' dir='ltr'><strong>duaa</strong></span> <span class='ocrx_word' id='word_1_120' title='bbox 403 1703 502 1760; x_wconf 86' lang='lat' dir='ltr'><strong>fossas</strong></span> <span class='ocrx_word' id='word_1_121' title='bbox 517 1702 689 1778; x_wconf 89' lang='lat' dir='ltr'><strong>quindecim</strong></span> <span class='ocrx_word' id='word_1_122' title='bbox 704 1703 796 1778; x_wconf 89' lang='lat' dir='ltr'><strong>pcdcs</strong></span> <span class='ocrx_word' id='word_1_123' title='bbox 812 1702 891 1759; x_wconf 87' lang='lat' dir='ltr'><strong>ictas</strong></span> <span class='ocrx_word' id='word_1_124' title='bbox 905 1703 1009 1759; x_wconf 88' lang='lat' dir='ltr'><strong>eadem</strong></span> <span class='ocrx_word' id='word_1_125' title='bbox 1026 1703 1131 1759; x_wconf 89' lang='lat' dir='ltr'><strong>aititu-</strong></span> 
     </span>
     <span class='ocr_line' id='line_1_19' title="bbox 243 1782 1129 1858; baseline 0.001 -18"><span class='ocrx_word' id='word_1_126' title='bbox 243 1783 313 1840; x_wconf 90' lang='lat' dir='ltr'><strong>dine</strong></span> <span class='ocrx_word' id='word_1_127' title='bbox 327 1784 484 1858; x_wconf 86' lang='lat' dir='ltr'><strong>perduxit:</strong></span> <span class='ocrx_word' id='word_1_128' title='bbox 506 1800 633 1858; x_wconf 89' lang='lat' dir='ltr'><strong>quarum</strong></span> <span class='ocrx_word' id='word_1_129' title='bbox 649 1783 831 1852; x_wconf 89' lang='lat' dir='ltr'><strong>interiorem,</strong></span> <span class='ocrx_word' id='word_1_130' title='bbox 848 1782 1067 1858; x_wconf 80' lang='lat' dir='ltr'><strong>campestribus</strong></span> <span class='ocrx_word' id='word_1_131' title='bbox 1089 1801 1129 1841; x_wconf 87' lang='lat' dir='ltr'><strong>ae</strong></span> 
     </span>
     <span class='ocr_line' id='line_1_20' title="bbox 244 1861 1127 1938; baseline 0 -19"><span class='ocrx_word' id='word_1_132' title='bbox 244 1862 385 1920; x_wconf 88' lang='lat' dir='ltr'><strong>demissis</strong></span> <span class='ocrx_word' id='word_1_133' title='bbox 399 1864 482 1932; x_wconf 92' lang='lat' dir='ltr'><strong>locis,</strong></span> <span class='ocrx_word' id='word_1_134' title='bbox 500 1881 579 1938; x_wconf 88' lang='lat' dir='ltr'><strong>aqua</strong></span> <span class='ocrx_word' id='word_1_135' title='bbox 599 1879 636 1918; x_wconf 86' lang='lat' dir='ltr'><strong>ex</strong></span> <span class='ocrx_word' id='word_1_136' title='bbox 658 1861 780 1920; x_wconf 87' lang='lat' dir='ltr'><strong>flumine</strong></span> <span class='ocrx_word' id='word_1_137' title='bbox 796 1861 933 1919; x_wconf 87' lang='lat' dir='ltr'><strong>derivata</strong></span> <span class='ocrx_word' id='word_1_138' title='bbox 953 1862 1127 1937; x_wconf 86' lang='lat' dir='ltr'><strong>complevit.</strong></span> 
     </span>
     <span class='ocr_line' id='line_1_21' title="bbox 191 1941 1129 2020; baseline -0.003 -18"><span class='ocrx_word' id='word_1_139' title='bbox 191 1947 229 2004; x_wconf 81' lang='lat'><strong>20</strong></span> <span class='ocrx_word' id='word_1_140' title='bbox 244 1942 321 2000; x_wconf 86' lang='lat' dir='ltr'><strong>Post</strong></span> <span class='ocrx_word' id='word_1_141' title='bbox 341 1961 394 2000; x_wconf 86' lang='lat' dir='ltr'><strong>eas</strong></span> <span class='ocrx_word' id='word_1_142' title='bbox 416 1961 557 2020; x_wconf 79' lang='lat' dir='ltr'><strong>aggerem</strong></span> <span class='ocrx_word' id='word_1_143' title='bbox 581 1960 615 1999; x_wconf 91' lang='lat' dir='ltr'><strong>ac</strong></span> <span class='ocrx_word' id='word_1_144' title='bbox 630 1941 745 1999; x_wconf 84' lang='lat' dir='ltr'><strong>vallum</strong></span> <span class='ocrx_word' id='word_1_145' title='bbox 766 1941 924 1999; x_wconf 91' lang='lat' dir='ltr'><strong>duodecim</strong></span> <span class='ocrx_word' id='word_1_146' title='bbox 946 1943 1055 2018; x_wconf 87' lang='lat' dir='ltr'><strong>pedum</strong></span> <span class='ocrx_word' id='word_1_147' title='bbox 1077 1959 1129 1999; x_wconf 80' lang='lat' dir='ltr'><strong>ex·</strong></span> 
     </span>
     <span class='ocr_line' id='line_1_22' title="bbox 243 2021 1128 2097; baseline 0.002 -19"><span class='ocrx_word' id='word_1_148' title='bbox 243 2023 371 2096; x_wconf 88' lang='lat' dir='ltr'><strong>struxit;</strong></span> <span class='ocrx_word' id='word_1_149' title='bbox 394 2022 466 2080; x_wconf 90' lang='lat' dir='ltr'><strong>huic</strong></span> <span class='ocrx_word' id='word_1_150' title='bbox 484 2022 607 2079; x_wconf 88' lang='lat' dir='ltr'><strong>loricam</strong></span> <span class='ocrx_word' id='word_1_151' title='bbox 629 2021 799 2097; x_wconf 82' lang='lat' dir='ltr'><strong>pinnasque</strong></span> <span class='ocrx_word' id='word_1_152' title='bbox 821 2021 938 2096; x_wconf 85' lang='lat' dir='ltr'><strong>adjecit,</strong></span> <span class='ocrx_word' id='word_1_153' title='bbox 958 2022 1128 2096; x_wconf 80' lang='lat' dir='ltr'><strong>grandibus</strong></span> 
     </span>
     <span class='ocr_line' id='line_1_23' title="bbox 244 2101 1127 2176; baseline 0 -17"><span class='ocrx_word' id='word_1_154' title='bbox 244 2103 340 2159; x_wconf 87' lang='lat' dir='ltr'><strong>cervis</strong></span> <span class='ocrx_word' id='word_1_155' title='bbox 351 2102 556 2160; x_wconf 88' lang='lat' dir='ltr'><strong>eminentibus</strong></span> <span class='ocrx_word' id='word_1_156' title='bbox 572 2102 609 2159; x_wconf 91' lang='lat' dir='ltr'><strong>ad</strong></span> <span class='ocrx_word' id='word_1_157' title='bbox 621 2101 836 2158; x_wconf 87' lang='lat' dir='ltr'><strong>commissuras</strong></span> <span class='ocrx_word' id='word_1_158' title='bbox 848 2101 1019 2176; x_wconf 88' lang='lat' dir='ltr'><strong>pluteorum</strong></span> <span class='ocrx_word' id='word_1_159' title='bbox 1032 2107 1127 2176; x_wconf 86' lang='lat' dir='ltr'><strong>atque</strong></span> 
     </span>
     <span class='ocr_line' id='line_1_24' title="bbox 244 2180 1127 2257; baseline 0.002 -19"><span class='ocrx_word' id='word_1_160' title='bbox 244 2183 373 2256; x_wconf 85' lang='lat' dir='ltr'><strong>aggeris,</strong></span> <span class='ocrx_word' id='word_1_161' title='bbox 389 2182 440 2257; x_wconf 90' lang='lat' dir='ltr'><strong>qui</strong></span> <span class='ocrx_word' id='word_1_162' title='bbox 455 2199 613 2239; x_wconf 88' lang='lat' dir='ltr'><strong>ascensum</strong></span> <span class='ocrx_word' id='word_1_163' title='bbox 629 2180 761 2238; x_wconf 90' lang='lat' dir='ltr'><strong>hostium</strong></span> <span class='ocrx_word' id='word_1_164' title='bbox 778 2181 951 2254; x_wconf 86' lang='lat' dir='ltr'><strong>tardarent;</strong></span> <span class='ocrx_word' id='word_1_165' title='bbox 973 2187 1003 2239; x_wconf 90' lang='lat' dir='ltr'><strong>et</strong></span> <span class='ocrx_word' id='word_1_166' title='bbox 1024 2188 1127 2240; x_wconf 84' lang='lat' dir='ltr'><strong>turres</strong></span> 
     </span>
     <span class='ocr_line' id='line_1_25' title="bbox 243 2261 1128 2337; baseline 0.002 -19"><span class='ocrx_word' id='word_1_167' title='bbox 243 2268 309 2319; x_wconf 87' lang='lat' dir='ltr'><strong>toto</strong></span> <span class='ocrx_word' id='word_1_168' title='bbox 330 2280 419 2337; x_wconf 86' lang='lat' dir='ltr'><strong>opere</strong></span> <span class='ocrx_word' id='word_1_169' title='bbox 441 2261 646 2332; x_wconf 87' lang='lat' dir='ltr'><strong>circumdedit,</strong></span> <span class='ocrx_word' id='word_1_170' title='bbox 662 2278 728 2336; x_wconf 82' lang='lat' dir='ltr'><strong>quae</strong></span> <span class='ocrx_word' id='word_1_171' title='bbox 749 2261 841 2335; x_wconf 89' lang='lat' dir='ltr'><strong>pedes</strong></span> <span class='ocrx_word' id='word_1_172' title='bbox 863 2262 1021 2335; x_wconf 87' lang='lat' dir='ltr'><strong>octoginta</strong></span> <span class='ocrx_word' id='word_1_173' title='bbox 1036 2261 1128 2320; x_wconf 64' lang='lat' dir='ltr'><strong>‘inter</strong></span> 
     </span>
     <span class='ocr_line' id='line_1_26' title="bbox 191 2342 453 2403; baseline 0.008 -6"><span class='ocrx_word' id='word_1_174' title='bbox 191 2345 228 2403; x_wconf 75' lang='lat'><strong>25</strong></span> <span class='ocrx_word' id='word_1_175' title='bbox 244 2357 276 2398; x_wconf 89' lang='lat' dir='ltr'><strong>se</strong></span> <span class='ocrx_word' id='word_1_176' title='bbox 297 2342 453 2399; x_wconf 84' lang='lat' dir='ltr'><strong>distarent.</strong></span> 
     </span>
     <span class='ocr_line' id='line_1_27' title="bbox 285 2419 1128 2494; baseline -0.006 -13"><span class='ocrx_word' id='word_1_177' title='bbox 285 2421 328 2481; x_wconf 72' lang='lat'><strong>73.</strong></span> <span class='ocrx_word' id='word_1_178' title='bbox 352 2421 428 2479; x_wconf 86' lang='lat' dir='ltr'><strong>Erat</strong></span> <span class='ocrx_word' id='word_1_179' title='bbox 448 2420 554 2478; x_wconf 92' lang='lat' dir='ltr'><strong>eodem</strong></span> <span class='ocrx_word' id='word_1_180' title='bbox 575 2425 710 2494; x_wconf 91' lang='lat' dir='ltr'><strong>tempore</strong></span> <span class='ocrx_word' id='word_1_181' title='bbox 732 2424 763 2477; x_wconf 88' lang='lat' dir='ltr'><strong>et</strong></span> <span class='ocrx_word' id='word_1_182' title='bbox 777 2419 930 2478; x_wconf 87' lang='lat' dir='ltr'><strong>materiari</strong></span> <span class='ocrx_word' id='word_1_183' title='bbox 950 2425 981 2477; x_wconf 91' lang='lat' dir='ltr'><strong>et</strong></span> <span class='ocrx_word' id='word_1_184' title='bbox 995 2420 1128 2476; x_wconf 86' lang='lat' dir='ltr'><strong>frumen·</strong></span> 
     </span>
     <span class='ocr_line' id='line_1_28' title="bbox 243 2498 1127 2558; baseline -0.001 0"><span class='ocrx_word' id='word_1_185' title='bbox 243 2501 302 2558; x_wconf 90' lang='lat' dir='ltr'><strong>tari</strong></span> <span class='ocrx_word' id='word_1_186' title='bbox 327 2507 358 2558; x_wconf 91' lang='lat' dir='ltr'><strong>et</strong></span> <span class='ocrx_word' id='word_1_187' title='bbox 379 2506 482 2558; x_wconf 87' lang='lat' dir='ltr'><strong>tantas</strong></span> <span class='ocrx_word' id='word_1_188' title='bbox 505 2500 689 2557; x_wconf 86' lang='lat' dir='ltr'><strong>munitiones</strong></span> <span class='ocrx_word' id='word_1_189' title='bbox 717 2498 777 2556; x_wconf 88' lang='lat' dir='ltr'><strong>fieri</strong></span> <span class='ocrx_word' id='word_1_190' title='bbox 804 2517 925 2557; x_wconf 88' lang='lat' dir='ltr'><strong>necesse</strong></span> <span class='ocrx_word' id='word_1_191' title='bbox 957 2499 1127 2557; x_wconf 87' lang='lat' dir='ltr'><strong>deminutis</strong></span> 
     </span>
     <span class='ocr_line' id='line_1_29' title="bbox 177 2579 1128 2655; baseline -0.001 -18"><span class='ocrx_word' id='word_1_192' title='bbox 177 2593 179 2600; x_wconf 86' lang='lat'>·</span> <span class='ocrx_word' id='word_1_193' title='bbox 243 2581 355 2638; x_wconf 90' lang='lat' dir='ltr'><strong>nostris</strong></span> <span class='ocrx_word' id='word_1_194' title='bbox 370 2581 473 2654; x_wconf 89' lang='lat' dir='ltr'><strong>copiis,</strong></span> <span class='ocrx_word' id='word_1_195' title='bbox 491 2598 556 2655; x_wconf 74' lang='lat' dir='ltr'><strong>quta</strong></span> <span class='ocrx_word' id='word_1_196' title='bbox 571 2580 692 2654; x_wconf 88' lang='lat' dir='ltr'><strong>longius</strong></span> <span class='ocrx_word' id='word_1_197' title='bbox 714 2580 753 2636; x_wconf 91' lang='lat' dir='ltr'><strong>ab</strong></span> <span class='ocrx_word' id='word_1_198' title='bbox 768 2580 877 2637; x_wconf 90' lang='lat' dir='ltr'><strong>castris</strong></span> <span class='ocrx_word' id='word_1_199' title='bbox 891 2579 1128 2654; x_wconf 85' lang='lat' dir='ltr'><strong>progredieban-</strong></span> 
     </span>
     <span class='ocr_line' id='line_1_30' title="bbox 243 2659 1126 2735; baseline -0.001 -18"><span class='ocrx_word' id='word_1_200' title='bbox 243 2666 306 2734; x_wconf 89' lang='lat' dir='ltr'><strong>tur;</strong></span> <span class='ocrx_word' id='word_1_201' title='bbox 336 2679 370 2718; x_wconf 90' lang='lat' dir='ltr'><strong>ac</strong></span> <span class='ocrx_word' id='word_1_202' title='bbox 398 2677 614 2735; x_wconf 86' lang='lat' dir='ltr'><strong>nonnunquam</strong></span> <span class='ocrx_word' id='word_1_203' title='bbox 646 2677 736 2734; x_wconf 89' lang='lat' dir='ltr'><strong>opera</strong></span> <span class='ocrx_word' id='word_1_204' title='bbox 764 2666 867 2716; x_wconf 86' lang='lat' dir='ltr'><strong>nostra</strong></span> <span class='ocrx_word' id='word_1_205' title='bbox 897 2659 977 2719; x_wconf 83' lang='lat' dir='ltr'><strong>Galli</strong></span> <span class='ocrx_word' id='word_1_206' title='bbox 1004 2665 1126 2716; x_wconf 85' lang='lat' dir='ltr'><strong>tentare</strong></span> 
     </span>
     <span class='ocr_line' id='line_1_31' title="bbox 190 2739 1127 2816; baseline -0.004 -15"><span class='ocrx_word' id='word_1_207' title='bbox 190 2745 228 2802; x_wconf 79' lang='grc'><strong>30</strong></span> <span class='ocrx_word' id='word_1_208' title='bbox 243 2747 333 2816; x_wconf 89' lang='lat' dir='ltr'><strong>atque</strong></span> <span class='ocrx_word' id='word_1_209' title='bbox 348 2740 535 2816; x_wconf 88' lang='lat' dir='ltr'><strong>eruptionem</strong></span> <span class='ocrx_word' id='word_1_210' title='bbox 557 2757 594 2796; x_wconf 89' lang='lat' dir='ltr'><strong>ex</strong></span> <span class='ocrx_word' id='word_1_211' title='bbox 616 2739 727 2813; x_wconf 92' lang='lat' dir='ltr'><strong>oppido</strong></span> <span class='ocrx_word' id='word_1_212' title='bbox 740 2739 878 2814; x_wconf 83' lang='lat' dir='ltr'><strong>pluribus</strong></span> <span class='ocrx_word' id='word_1_213' title='bbox 892 2739 988 2814; x_wconf 88' lang='lat' dir='ltr'><strong>portis</strong></span> <span class='ocrx_word' id='word_1_214' title='bbox 1003 2756 1127 2797; x_wconf 84' lang='lat' dir='ltr'><strong>summa</strong></span> 
     </span>
     <span class='ocr_line' id='line_1_32' title="bbox 244 2818 1127 2894; baseline 0.001 -19"><span class='ocrx_word' id='word_1_215' title='bbox 244 2820 273 2876; x_wconf 93' lang='lat' dir='ltr'><strong>vi</strong></span> <span class='ocrx_word' id='word_1_216' title='bbox 295 2821 391 2878; x_wconf 81' lang='lat' dir='ltr'><strong>facere</strong></span> <span class='ocrx_word' id='word_1_217' title='bbox 413 2820 607 2876; x_wconf 90' lang='lat' dir='ltr'><strong>conabantur.</strong></span> <span class='ocrx_word' id='word_1_218' title='bbox 653 2820 752 2890; x_wconf 74' lang='lat' dir='ltr'><strong>Quare</strong></span> <span class='ocrx_word' id='word_1_219' title='bbox 774 2819 812 2876; x_wconf 87' lang='lat' dir='ltr'><strong>ad</strong></span> <span class='ocrx_word' id='word_1_220' title='bbox 835 2818 898 2876; x_wconf 85' lang='lat' dir='ltr'><strong>haec</strong></span> <span class='ocrx_word' id='word_1_221' title='bbox 912 2835 1017 2876; x_wconf 88' lang='lat' dir='ltr'><strong>rursus</strong></span> <span class='ocrx_word' id='word_1_222' title='bbox 1032 2837 1127 2894; x_wconf 85' lang='lat' dir='ltr'><strong>opera</strong></span> 
     </span>
     <span class='ocr_line' id='line_1_33' title="bbox 243 2897 1126 2974; baseline -0.002 -18"><span class='ocrx_word' id='word_1_223' title='bbox 243 2900 413 2958; x_wconf 84' lang='lat' dir='ltr'><strong>addendum</strong></span> <span class='ocrx_word' id='word_1_224' title='bbox 437 2899 541 2957; x_wconf 82' lang='lat' dir='ltr'><strong>Oaesar</strong></span> <span class='ocrx_word' id='word_1_225' title='bbox 554 2899 683 2973; x_wconf 87' lang='lat' dir='ltr'><strong>putavit,</strong></span> <span class='ocrx_word' id='word_1_226' title='bbox 700 2917 759 2974; x_wconf 89' lang='lat' dir='ltr'><strong>quo</strong></span> <span class='ocrx_word' id='word_1_227' title='bbox 774 2898 889 2955; x_wconf 91' lang='lat' dir='ltr'><strong>minore</strong></span> <span class='ocrx_word' id='word_1_228' title='bbox 909 2916 1034 2956; x_wconf 85' lang='lat' dir='ltr'><strong>numero</strong></span> <span class='ocrx_word' id='word_1_229' title='bbox 1048 2897 1126 2955; x_wconf 88' lang='lat' dir='ltr'><strong>miii·</strong></span> 
     </span>
     <span class='ocr_line' id='line_1_34' title="bbox 239 2977 1126 3052; baseline -0.001 -16"><span class='ocrx_word' id='word_1_230' title='bbox 239 2985 307 3036; x_wconf 87' lang='lat' dir='ltr'><strong>tum</strong></span> <span class='ocrx_word' id='word_1_231' title='bbox 336 2980 520 3036; x_wconf 90' lang='lat' dir='ltr'><strong>munitiones</strong></span> <span class='ocrx_word' id='word_1_232' title='bbox 549 2977 665 3035; x_wconf 79' lang='lat' dir='ltr'><strong>defendi</strong></span> <span class='ocrx_word' id='word_1_233' title='bbox 694 2984 827 3052; x_wconf 90' lang='lat' dir='ltr'><strong>possent.</strong></span> <span class='ocrx_word' id='word_1_234' title='bbox 871 2977 981 3051; x_wconf 84' lang='lat' dir='ltr'><strong>Itaque</strong></span> <span class='ocrx_word' id='word_1_235' title='bbox 1008 2978 1126 3036; x_wconf 86' lang='lat' dir='ltr'><strong>truncis</strong></span> 
     </span>
     <span class='ocr_line' id='line_1_35' title="bbox 244 3056 1136 3132; baseline 0 -17"><span class='ocrx_word' id='word_1_236' title='bbox 244 3077 384 3116; x_wconf 79' lang='lat' dir='ltr'><strong>arborum</strong></span> <span class='ocrx_word' id='word_1_237' title='bbox 400 3068 452 3115; x_wconf 91' lang='lat' dir='ltr'><strong>aut</strong></span> <span class='ocrx_word' id='word_1_238' title='bbox 468 3059 630 3115; x_wconf 86' lang='lat' dir='ltr'><strong>admodum</strong></span> <span class='ocrx_word' id='word_1_239' title='bbox 653 3056 745 3114; x_wconf 90' lang='lat' dir='ltr'><strong>firmis</strong></span> <span class='ocrx_word' id='word_1_240' title='bbox 768 3057 862 3114; x_wconf 90' lang='lat' dir='ltr'><strong>ramis</strong></span> <span class='ocrx_word' id='word_1_241' title='bbox 886 3057 1011 3114; x_wconf 87' lang='lat' dir='ltr'><strong>abscisis</strong></span> <span class='ocrx_word' id='word_1_242' title='bbox 1032 3064 1136 3132; x_wconf 87' lang='lat' dir='ltr'><strong>atque-</strong></span> 
     </span>
     <span class='ocr_line' id='line_1_36' title="bbox 191 3137 1125 3212; baseline -0.001 -18"><span class='ocrx_word' id='word_1_243' title='bbox 191 3144 228 3200; x_wconf 88' lang='lat'><strong>35</strong></span> <span class='ocrx_word' id='word_1_244' title='bbox 244 3137 350 3195; x_wconf 90' lang='lat' dir='ltr'><strong>horum</strong></span> <span class='ocrx_word' id='word_1_245' title='bbox 380 3139 537 3196; x_wconf 88' lang='lat' dir='ltr'><strong>delibratis</strong></span> <span class='ocrx_word' id='word_1_246' title='bbox 566 3156 600 3195; x_wconf 91' lang='lat' dir='ltr'><strong>ac</strong></span> <span class='ocrx_word' id='word_1_247' title='bbox 627 3137 786 3212; x_wconf 82' lang='lat' dir='ltr'><strong>praeacutis</strong></span> <span class='ocrx_word' id='word_1_248' title='bbox 815 3137 1028 3206; x_wconf 70' lang='lat' dir='ltr'><strong>cacuminibus</strong></span> <span class='ocrx_word' id='word_1_249' title='bbox 1059 3155 1125 3210; x_wconf 88' lang='lat' dir='ltr'><strong>per·</strong></span> 
     </span>
     <span class='ocr_line' id='line_1_37' title="bbox 242 3216 1125 3293; baseline 0 -19"><span class='ocrx_word' id='word_1_250' title='bbox 242 3226 341 3293; x_wconf 85' lang='lat' dir='ltr'><strong>petuae</strong></span> <span class='ocrx_word' id='word_1_251' title='bbox 365 3218 453 3274; x_wconf 76' lang='lat' dir='ltr'><strong>fossae</strong></span> <span class='ocrx_word' id='word_1_252' title='bbox 477 3217 585 3291; x_wconf 87' lang='lat' dir='ltr'><strong>quinos</strong></span> <span class='ocrx_word' id='word_1_253' title='bbox 608 3216 700 3291; x_wconf 88' lang='lat' dir='ltr'><strong>pedes</strong></span> <span class='ocrx_word' id='word_1_254' title='bbox 723 3217 792 3274; x_wconf 83' lang='lat' dir='ltr'><strong>aitae</strong></span> <span class='ocrx_word' id='word_1_255' title='bbox 816 3216 1009 3273; x_wconf 89' lang='lat' dir='ltr'><strong>ducebantur.</strong></span> <span class='ocrx_word' id='word_1_256' title='bbox 1053 3217 1125 3274; x_wconf 91' lang='lat' dir='ltr'><strong>Huc</strong></span> 
     </span>
     <span class='ocr_line' id='line_1_38' title="bbox 243 3293 1124 3371; baseline 0.002 -19"><span class='ocrx_word' id='word_1_257' title='bbox 243 3297 286 3353; x_wconf 92' lang='lat' dir='ltr'><strong>illi</strong></span> <span class='ocrx_word' id='word_1_258' title='bbox 309 3297 428 3371; x_wconf 88' lang='lat' dir='ltr'><strong>stipites</strong></span> <span class='ocrx_word' id='word_1_259' title='bbox 450 3293 573 3353; x_wconf 84' lang='lat' dir='ltr'><strong>demissi</strong></span> <span class='ocrx_word' id='word_1_260' title='bbox 589 3302 619 3350; x_wconf 86' lang='lat' dir='ltr'><strong>et</strong></span> <span class='ocrx_word' id='word_1_261' title='bbox 634 3295 672 3351; x_wconf 85' lang='lat' dir='ltr'><strong>ab</strong></span> <span class='ocrx_word' id='word_1_262' title='bbox 690 3295 792 3352; x_wconf 86' lang='lat' dir='ltr'><strong>infimo</strong></span> <span class='ocrx_word' id='word_1_263' title='bbox 806 3295 943 3365; x_wconf 88' lang='lat' dir='ltr'><strong>revincti,</strong></span> <span class='ocrx_word' id='word_1_264' title='bbox 959 3313 996 3353; x_wconf 90' lang='lat' dir='ltr'><strong>ne</strong></span> <span class='ocrx_word' id='word_1_265' title='bbox 1018 3296 1124 3356; x_wconf 87' lang='lat' dir='ltr'><strong>revelli</strong></span> 
     </span>
     <span class='ocr_line' id='line_1_39' title="bbox 242 3374 1122 3450; baseline 0.002 -20"><span class='ocrx_word' id='word_1_266' title='bbox 242 3383 375 3450; x_wconf 85' lang='lat' dir='ltr'><strong>possent,</strong></span> <span class='ocrx_word' id='word_1_267' title='bbox 393 3375 430 3431; x_wconf 84' lang='lat' dir='ltr'><strong>ab</strong></span> <span class='ocrx_word' id='word_1_268' title='bbox 444 3375 536 3432; x_wconf 86' lang='lat' dir='ltr'><strong>ramis</strong></span> <span class='ocrx_word' id='word_1_269' title='bbox 557 3375 737 3432; x_wconf 86' lang='lat' dir='ltr'><strong>eminebant.</strong></span> <span class='ocrx_word' id='word_1_270' title='bbox 781 3374 872 3446; x_wconf 85' lang='lat' dir='ltr'><strong>Quini</strong></span> <span class='ocrx_word' id='word_1_271' title='bbox 887 3380 974 3432; x_wconf 90' lang='lat' dir='ltr'><strong>erant</strong></span> <span class='ocrx_word' id='word_1_272' title='bbox 992 3375 1122 3448; x_wconf 89' lang='lat' dir='ltr'><strong>ordines,</strong></span> 
     </span>
     <span class='ocr_line' id='line_1_40' title="bbox 244 3453 1123 3530; baseline 0.005 -20"><span class='ocrx_word' id='word_1_273' title='bbox 244 3453 393 3526; x_wconf 89' lang='lat' dir='ltr'><strong>conjuncti</strong></span> <span class='ocrx_word' id='word_1_274' title='bbox 414 3453 644 3526; x_wconf 71' lang='lat' dir='ltr'><strong>interseritque</strong></span> <span class='ocrx_word' id='word_1_275' title='bbox 666 3454 826 3529; x_wconf 87' lang='lat' dir='ltr'><strong>implicati;</strong></span> <span class='ocrx_word' id='word_1_276' title='bbox 847 3472 906 3530; x_wconf 90' lang='lat' dir='ltr'><strong>quo</strong></span> <span class='ocrx_word' id='word_1_277' title='bbox 920 3455 972 3530; x_wconf 89' lang='lat' dir='ltr'><strong>qui</strong></span> <span class='ocrx_word' id='word_1_278' title='bbox 994 3455 1123 3524; x_wconf 69' lang='lat' dir='ltr'><strong>intrare</strong></span> 
     </span>
    </p>
   </div>
   <div class='ocr_carea' id='block_1_3' title="bbox 0 0 1286 3770">
    <p class='ocr_par' dir='ltr' id='par_1_3' title="bbox 0 0 1286 3770">
     <span class='ocr_line' id='line_1_41' title="bbox 0 0 1286 3770; baseline 0 1"><span class='ocrx_word' id='word_1_279' title='bbox 0 0 1286 3770; x_wconf 95' lang='lat' dir='ltr'><strong> </strong></span> 
     </span>
    </p>
   </div>
  </div>
 </body>
</html>
