2548 3774
273 773 355 856 Du
395 770 608 856 BELLO
645 771 955 860 GALLIOO.

521 997 735 1038 —mfflw-

440 1149 642 1240 LIBER
675 1150 795 1240 VII.

241 1351 267 1409 l.
292 1350 421 1425 Qurnra
443 1347 545 1408 Gallia
563 1347 674 1418 Oaesar,
691 1354 726 1406 ut
745 1350 954 1422 constituerat,
970 1351 999 1410 in
1022 1352 1084 1412 lta·

198 1429 270 1488 liam
294 1431 332 1488 ad
353 1436 521 1488 conventus
543 1427 678 1502 agendos
698 1429 904 1503 proficiscitur.
947 1431 994 1489 Ibi
1016 1451 1084 1509 cog·

200 1511 296 1567 noscit
305 1511 342 1568 de
353 1509 451 1568 Clodii
464 1508 552 1577 caede,
563 1515 747 1582 senatusque
759 1510 897 1567 consulto
908 1511 1016 1570 certior
1025 1512 1084 1570 iac·

199 1594 257 1660 tus,
273 1596 308 1647 ut
329 1607 434 1648 omnes
451 1587 586 1663 juniores
602 1588 700 1645 ltaliae
718 1590 917 1661 conjurarent,
932 1591 1082 1650 delectum
1110 1652 1112 1656 ,

166 1673 183 1730 5
199 1675 265 1727 tota
279 1669 435 1744 provincia
451 1667 560 1725 habere
576 1667 720 1725 instituit.
765 1667 818 1726 Ear
833 1688 881 1727 res
904 1671 935 1727 in
950 1671 1081 1730 Galliam

199 1748 431 1825 Transalpinam
447 1748 584 1806 celeriter
594 1748 791 1821 perferuntur.
836 1749 965 1809 Addunt
978 1751 1036 1826 ipsi
1051 1758 1083 1810 et

199 1829 345 1904 affingunt
360 1828 530 1886 rumoribus
546 1827 635 1897 Galli,
652 1828 731 1902 quod
753 1845 802 1884 res
822 1846 947 1903 poscere
961 1831 1083 1890 videba-

197 1915 256 1978 tur,
272 1909 391 1966 retineri
409 1909 524 1965 urbano
539 1913 625 1964 motu
641 1907 792 1966 Caesarem
814 1926 911 1985 neque
933 1911 964 1967 iu
984 1913 1082 1970 tantis

198 1989 441 2047 dissensionibus
456 1990 494 2045 ad
509 1988 674 2044 exercitum
691 1987 795 2044 venire
809 2005 907 2061 posse.
945 1989 1015 2048 Hac
1029 1991 1083 2048 im-

149 2069 182 2127 10
198 2069 277 2143 pulsi
292 2069 459 2139 occasione,
474 2067 525 2142 qui
542 2069 606 2140 jam
622 2073 692 2124 ante
708 2084 740 2124 se
755 2068 858 2143 populi
874 2069 1007 2127 Romani
1028 2072 1083 2128 im·

197 2149 280 2222 perio
299 2150 451 2222 subjectos
465 2147 609 2216 dolerent,
626 2147 751 2204 liberius
773 2154 863 2223 atque
884 2149 1028 2208 audacius
1043 2152 1081 2209 de

196 2228 280 2285 bello·
290 2229 417 2287 consilia
430 2228 506 2284 inire
522 2226 677 2302 incipiunt.
720 2225 848 2285 Indictis
863 2229 941 2286 inter
956 2248 987 2287 se
1002 2231 1081 2306 prin·

197 2308 280 2383 cipes
303 2309 408 2368 Galliae
430 2307 565 2364 conciliis
586 2307 779 2364 silvestribus
801 2326 836 2365 ac
857 2310 980 2367 remotis
1007 2311 1080 2370 locis

196 2395 363 2463 queruntur
376 2388 413 2444 de
429 2387 562 2445 Acconis
576 2392 690 2460 morte3
712 2404 801 2461 posse
816 2387 896 2446 hunc
916 2407 1020 2447 cusum
1042 2391 1080 2450 ad

146 2468 181 2526 15
196 2468 279 2543 ipsos
301 2468 429 2541 recidere
444 2467 673 2540 demonstraut;
693 2466 876 2524 miserantur
890 2486 1081 2528 communem

198 2547 303 2606 Galliae
318 2548 486 2620 fortunam
502 2546 642 2603 omnibus
656 2545 931 2621 pollicitationibus
953 2567 987 2606 ac
1008 2569 1081 2626 prae·

197 2627 266 2686 nriis
281 2627 456 2702 deposcunt,
472 2627 523 2701 qui
545 2625 614 2683 belli
630 2625 750 2682 initium
767 2626 880 2684 iaciant
894 2634 924 2684 et
939 2629 986 2686 sui
1002 2631 1080 2706 capi·

196 2707 236 2763 tis
260 2707 391 2782 periculo
415 2705 547 2764 Galliam
575 2706 606 2762 in
634 2704 804 2762 libertatem
830 2707 990 2767 vindicent.
1041 2711 1079 2768 Iu

196 2787 303 2860 primis
320 2787 469 2844 rationem
490 2803 557 2843 esse
580 2785 749 2842 habendam
772 2785 884 2858 dicunt,
899 2788 1078 2864 priusquam

144 2867 182 2924 20
197 2883 299 2923 eorum
321 2866 512 2924 clandestina
533 2865 659 2922 consilia
678 2863 848 2934 efferantur,
864 2874 899 2924 ut
915 2866 1020 2926 Oaesar
1040 2870 1078 2928 ab

196 2947 329 3004 exercitu
344 2945 570 3003 intercludatur.
614 2944 649 3002 ld
673 2961 740 3001 esse
765 2944 860 3015 facile,
876 2947 958 3022 quod
981 2966 1078 3024 neque

196 3025 331 3100 legiones
356 3026 488 3083 audeant
513 3025 637 3082 absente
662 3024 843 3098 imperatore
872 3043 909 3083 ex
939 3026 1078 3086 hibernis

196 3106 309 3178 egredi,
332 3124 427 3181 neque
451 3105 616 3180 imperator
637 3104 701 3161 siue
721 3104 862 3179 prasidio
884 3106 922 3163 ad
942 3105 1077 3182 legiones

195 3184 350 3258 pervenire
370 3185 484 3258 possit:
512 3190 667 3258 postremo
688 3183 719 3240 in
742 3184 805 3241 acie
825 3191 967 3259 praestare
989 3188 1077 3246 iuter·

145 3263 181 3318 25
197 3261 252 3338 fici,
268 3279 357 3336 quam
380 3280 440 3318 non
455 3269 587 3319 veterem
608 3262 678 3318 belli
693 3263 820 3336 gloriam
835 3263 1076 3343 libertatemque,

197 3357 288 3415 quam
305 3357 322 3395 a
337 3341 498 3412 majoribus
514 3341 689 3415 acceperint,
706 3359 889 3418 recuperare.

239 3421 266 3476 2.
290 3417 349 3474 His
363 3419 451 3474 rebus
469 3419 594 3492 agitatis
608 3419 787 3494 profitentur
803 3421 953 3482 Carnutes
968 3443 1000 3482 se
1016 3426 1078 3483 nul·

198 3495 260 3552 lum
287 3496 451 3572 periculum
479 3499 645 3556 eommunis
673 3498 781 3557 salutis
809 3520 902 3561 causa
929 3521 1078 3579 recusare,

434 3605 437 3610 ·
833 3591 918 3653 (rra)
