2524 3776
462 315 575 364 arene
600 315 807 365 snouuouo.
1059 302 1102 368 43

166 464 250 542 quit:
272 471 372 524 eastra
392 465 424 523 in
445 466 636 525 altitudinem
654 467 763 543 pedum
784 466 942 526 duodecim
957 467 1048 541 vallo,

166 546 307 621 fossaque
322 545 532 622 duodeviginti
546 548 666 623 pedum,
682 547 903 622 munirejubet¹

207 629 232 685 6.
256 626 307 684 Ab
336 625 385 683 bis
412 627 521 684 castris
548 627 694 703 <aspidum
722 627 889 685 Remorum
926 627 1049 685 nomine

166 706 280 766 Bibrax
306 706 410 780 aberat
440 706 525 764 milia
538 723 683 782 passuum
705 712 782 766 octo.
824 707 918 765 Idex
942 707 1049 766 itinere

165 803 277 861 magno
297 785 413 861 impetu
435 785 538 861 Belgae
560 803 734 863 oppugnare
749 792 910 862 eoeperuut.
952 786 1048 862 AEgre
1082 787 1101 847 5

164 883 200 923 eo
228 865 278 922 die
307 870 513 923 sustentatum
541 873 596 924 est.
641 866 796 924 Gallorum
821 866 927 924 eadem
956 874 1046 942 atque

163 945 329 1020 Belgarum
354 946 541 1021 oppugnatio
566 951 614 1003 est
642 945 713 1004 haec.
757 945 819 1004 Ubi
857 946 1047 1020 circumjecta

163 1025 358 1090 multitudiue
370 1024 527 1082 hominum
542 1026 616 1083 totis
630 1025 782 1083 moenibus
793 1025 924 1101 undique
939 1025 970 1082 in
985 1043 1048 1085 uru-

163 1122 230 1162 rum
248 1105 367 1180 lapides
383 1105 443 1179 jeci
459 1105 548 1180 eoepti
564 1111 637 1162 sunt
660 1123 823 1180 murusque
838 1105 1047 1163 defensoribus

163 1184 297 1242 nudatus
318 1190 374 1253 est,
390 1185 543 1242 testudine
567 1186 649 1243 facta
668 1191 775 1260 portas
798 1185 963 1243 succedunt
984 1203 1048 1242 mu·
1064 1187 1100 1244 lo

162 1281 287 1340 rumque
309 1265 466 1324 subruunt.
510 1265 598 1338 Quod
619 1270 685 1322 tum
706 1264 792 1323 facile
814 1264 912 1323 fiebat.
965 1263 1046 1322 Nam

161 1362 230 1403 cum
245 1350 334 1402 tauta
354 1343 518 1402 multitudo
534 1345 650 1420 lapides
671 1362 707 1402 ac
726 1344 789 1402 tela
809 1345 997 1419 conjicerent,
1013 1345 1045 1402 iu

161 1441 249 1481 muro
272 1423 459 1482 consistendi
483 1430 620 1500 potestas
642 1429 709 1482 erat
734 1425 818 1482 nulli.
862 1424 939 1483 Cum
956 1423 1044 1481 finem

161 1503 359 1580 oppugnandi
387 1521 447 1561 nox
474 1504 603 1575 fecisset,
632 1504 733 1562 Iccius
771 1504 895 1574 RemuS,
925 1521 1045 1561 summa

163 1584 323 1641 nobilitate
338 1589 369 1640 et
384 1583 484 1658 gratia
499 1584 576 1642 inter
591 1602 671 1653 suos
687 1585 738 1660 qui
754 1589 819 1641 turn
841 1584 953 1660 oppido
974 1601 1046 1658 prae·
1062 1585 1098 1644 15

162 1664 269 1732 fuerat,
285 1681 364 1720 unus
381 1681 419 1720 ex
442 1662 489 1720 his
512 1664 562 1740 qui
581 1664 674 1739 legati
691 1665 727 1722 de
747 1682 820 1740 pace
838 1663 876 1721 ad
892 1663 1044 1721 Oaesarem

162 1749 316 1813 venerant,
331 1744 456 1801 nuncios
471 1744 593 1803 adeum
608 1744 712 1814 mittit,
728 1743 785 1801 uisi
801 1743 969 1800 subsidium
985 1742 1042 1800 sibi

162 1823 367 1893 submittatur,
384 1841 450 1880 sese
465 1824 581 1882 diutius
597 1824 745 1881 sustinere
761 1841 821 1880 non
839 1841 936 1898 posse.

201 1904 228 1964 i.
252 1903 298 1960 Eo
314 1903 349 1960 de
364 1904 464 1960 media
479 1909 566 1961 nocte
579 1903 681 1962 Caesar
701 1903 810 1961 iisdem
826 1902 954 1960 ducibus
969 1919 1043 1958 usus

160 1983 213 2057 qui
235 1983 337 2040 nuncii
364 1983 402 2040 ab
431 1983 511 2041 Iccio
531 1988 686 2052 venerant,
706 1982 859 2040 Numidas
881 1987 912 2040 et
935 1981 1043 2040 Cretas
1059 1985 1096 2041 20

161 2063 347 2137 sagittarios,
370 2067 402 2120 et
426 2063 594 2121 funditores
623 2063 774 2133 Baleares,
799 2062 934 2120 subsidio
962 2061 1041 2136 oppi-

160 2141 249 2199 danis
272 2142 384 2200 mittit:
406 2160 533 2217 quorum
557 2143 691 2200 adventu
713 2148 743 2200 et
766 2142 872 2199 Remis
899 2158 967 2200 cum
990 2159 1042 2217 spe

159 2222 346 2283 defensionis
371 2223 506 2280 studium
520 2223 734 2298 propugnandi
753 2222 889 2292 accessit,
905 2227 936 2279 et
951 2221 1044 2278 hosti·

160 2301 217 2360 bus
233 2303 339 2360 eadem
355 2302 391 2360 de
406 2319 499 2359 causa
513 2320 582 2378 spes
603 2302 743 2376 potiundi
766 2302 869 2377 oppidi
891 2301 1040 2360 discessit.

159 2383 269 2458 Itaque
301 2383 455 2458 paulisper
478 2383 558 2456 apud
584 2382 728 2458 oppidum
750 2382 859 2439 morati
891 2399 1040 2457 agrosque
1056 2382 1094 2440 25

159 2462 327 2521 Remorum
355 2461 539 2537 depopulati,
565 2463 706 2520 omnibus
733 2462 809 2519 vicis
837 2461 1039 2536 aedificiisque,

159 2559 236 2616 quos
265 2541 346 2600 adire
374 2547 523 2618 poterant,
549 2541 689 2612 incensis,
715 2541 753 2599 ad
781 2548 882 2599 castra
912 2541 1041 2600 Caesaris

158 2622 299 2679 omuibus
323 2623 418 2698 copiis
443 2622 662 2680 contenderunt
696 2626 728 2679 et
749 2622 787 2678 ab
823 2621 946 2678 milibus
974 2638 1042 2696 pas·

158 2718 248 2758 suum
270 2701 372 2758 minus
387 2702 505 2759 duobus
521 2708 621 2760 eastra
637 2706 820 2778 posuerunt;
843 2719 909 2776 quae
930 2707 1039 2770 eastra,

157 2792 192 2838 ut
207 2781 291 2838 fumo
306 2787 398 2857 atque
411 2781 533 2856 ignibus
555 2782 789 2857 significabatur,
806 2781 937 2857 amplius
963 2780 1040 2838 mili.-
1053 2782 1100 2838 so

157 2861 215 2918 bus
230 2879 375 2938 passuum
392 2868 459 2919 octo
475 2862 505 2918 in
519 2860 711 2919 latitudInem
726 2862 878 2938 patebant.

198 2944 224 2998 8.
249 2941 351 2999 Oaeser
378 2942 476 3016 primo
510 2948 542 2999 et
569 2948 692 3017 propter
719 2941 944 2998 multitudinem
973 2939 1041 2998 hos-

157 3021 236 3077 tium
265 3027 296 3078 et
316 3027 438 3097 propter
458 3021 600 3079 eximiam
626 3021 796 3097 opinionem
818 3021 951 3090 virtutis,
965 3038 1041 3096 proe-

157 3098 198 3158 lio
231 3101 424 3177 supersedere
453 3103 581 3175 statuit3
617 3101 750 3176 quotidie
772 3106 873 3158 tamen
896 3101 1039 3176 equestri·

160 3179 215 3238 bus
236 3181 357 3256 proeliis,
373 3181 445 3256 quid
467 3181 565 3239 hostis
581 3182 691 3239 virtute
712 3187 816 3256 posset
840 3187 871 3238 et
886 3180 959 3256 quid
974 3198 1040 3238 uos
1054 3177 1091 3236 35

157 3259 196 3316 tri
237 3261 392 3332 auderent,
428 3261 663 3336 periclitabatur.
720 3261 782 3318 Ubi
822 3268 941 3318 nostros
977 3278 1036 3317 non

156 3357 225 3396 esse
247 3340 402 3398 inferiores
423 3341 580 3410 intellexit,
595 3340 660 3398 loco
681 3357 736 3417 pro
757 3342 865 3398 castris
886 3341 925 3397 ad
943 3341 1037 3397 aciem

157 3418 365 3478 instruendam
387 3426 496 3478 natura
516 3425 684 3497 opportuno
706 3424 796 3495 atque
817 3420 925 3478 idoneo
942 3418 1037 3495 (quod

158 3497 184 3556 is
198 3499 291 3572 collis,
301 3500 353 3558 ubi
367 3506 468 3558 castre
478 3501 579 3577 posita
593 3505 688 3570 eraut,
697 3499 852 3575 paululum
864 3517 901 3556 ex
911 3499 1038 3575 planitie
