<?xml version="1.0" encoding="UTF-8"?>
<!DOCTYPE html PUBLIC "-//W3C//DTD XHTML 1.0 Transitional//EN"
    "http://www.w3.org/TR/xhtml1/DTD/xhtml1-transitional.dtd">
<html xmlns="http://www.w3.org/1999/xhtml" xml:lang="en" lang="en">
 <head>
  <title>
</title>
<meta http-equiv="Content-Type" content="text/html;charset=utf-8" />
  <meta name='ocr-system' content='tesseract 3.04.00' />
  <meta name='ocr-capabilities' content='ocr_page ocr_carea ocr_par ocr_line ocrx_word'/>
</head>
<body>
  <div class='ocr_page' id='page_1' title='image "./caiijuliicaesar03caesgoog_0169.png"; bbox 0 0 2548 3774; ppageno 0'>
   <div class='ocr_carea' id='block_1_1' title="bbox 479 291 1116 356">
    <p class='ocr_par' dir='ltr' id='par_1_1' title="bbox 479 291 1116 356">
     <span class='ocr_line' id='line_1_1' title="bbox 479 291 1116 356; baseline 0.002 -1"><span class='ocrx_word' id='word_1_1' title='bbox 479 308 592 355; x_wconf 77' lang='lat' dir='ltr'><strong>manu</strong></span> <span class='ocrx_word' id='word_1_2' title='bbox 617 307 811 356; x_wconf 84' lang='lat' dir='ltr'><strong>surrruus.</strong></span> <span class='ocrx_word' id='word_1_3' title='bbox 1059 291 1116 356; x_wconf 87' lang='lat'><strong>161</strong></span> 
     </span>
    </p>
   </div>
   <div class='ocr_carea' id='block_1_2' title="bbox 110 459 1120 3570">
    <p class='ocr_par' dir='ltr' id='par_1_2' title="bbox 110 459 1120 2934">
     <span class='ocr_line' id='line_1_2' title="bbox 223 459 1067 534; baseline -0.005 -14"><span class='ocrx_word' id='word_1_4' title='bbox 223 463 270 520; x_wconf 89' lang='lat'><strong>38.</strong></span> <span class='ocrx_word' id='word_1_5' title='bbox 293 459 453 517; x_wconf 86' lang='lat' dir='ltr'><strong>Litavicus</strong></span> <span class='ocrx_word' id='word_1_6' title='bbox 482 469 604 534; x_wconf 88' lang='lat' dir='ltr'><strong>accepto</strong></span> <span class='ocrx_word' id='word_1_7' title='bbox 632 459 774 528; x_wconf 87' lang='lat' dir='ltr'><strong>exercitu,</strong></span> <span class='ocrx_word' id='word_1_8' title='bbox 799 475 865 516; x_wconf 76' lang='lat' dir='ltr'><strong>curt</strong></span> <span class='ocrx_word' id='word_1_9' title='bbox 894 459 977 515; x_wconf 87' lang='lat' dir='ltr'><strong>milia</strong></span> <span class='ocrx_word' id='word_1_10' title='bbox 1002 476 1067 532; x_wconf 86' lang='lat' dir='ltr'><strong>pas·</strong></span> 
     </span>
     <span class='ocr_line' id='line_1_3' title="bbox 184 539 1068 614; baseline -0.003 -16"><span class='ocrx_word' id='word_1_11' title='bbox 184 557 272 598; x_wconf 86' lang='lat' dir='ltr'><strong>suum</strong></span> <span class='ocrx_word' id='word_1_12' title='bbox 293 540 412 598; x_wconf 91' lang='lat' dir='ltr'><strong>circiter</strong></span> <span class='ocrx_word' id='word_1_13' title='bbox 433 539 558 614; x_wconf 80' lang='lat' dir='ltr'><strong>triginta</strong></span> <span class='ocrx_word' id='word_1_14' title='bbox 581 540 617 596; x_wconf 90' lang='lat' dir='ltr'><strong>ab</strong></span> <span class='ocrx_word' id='word_1_15' title='bbox 640 539 794 614; x_wconf 81' lang='lat' dir='ltr'><strong>Gergovia</strong></span> <span class='ocrx_word' id='word_1_16' title='bbox 816 539 944 601; x_wconf 82' lang='lat' dir='ltr'><strong>abesset.</strong></span> <span class='ocrx_word' id='word_1_17' title='bbox 961 556 1068 596; x_wconf 91' lang='lat' dir='ltr'><strong>convo·</strong></span> 
     </span>
     <span class='ocr_line' id='line_1_4' title="bbox 183 618 1067 693; baseline -0.005 -15"><span class='ocrx_word' id='word_1_18' title='bbox 183 623 259 678; x_wconf 90' lang='lat' dir='ltr'><strong>catis</strong></span> <span class='ocrx_word' id='word_1_19' title='bbox 281 621 381 678; x_wconf 89' lang='lat' dir='ltr'><strong>subito</strong></span> <span class='ocrx_word' id='word_1_20' title='bbox 403 619 560 689; x_wconf 72' lang='lat' dir='ltr'><strong>militibus</strong></span> <span class='ocrx_word' id='word_1_21' title='bbox 590 619 759 687; x_wconf 86' lang='lat' dir='ltr'><strong>lacrimans,</strong></span> <span class='ocrx_word' id='word_1_22' title='bbox 790 621 886 692; x_wconf 71' lang='lat' dir='ltr'><strong>“Quo</strong></span> <span class='ocrx_word' id='word_1_23' title='bbox 909 618 1067 693; x_wconf 84' lang='lat' dir='ltr'><strong>proticisci·</strong></span> 
     </span>
     <span class='ocr_line' id='line_1_5' title="bbox 184 697 1065 774; baseline -0.001 -17"><span class='ocrx_word' id='word_1_24' title='bbox 184 703 281 771; x_wconf 86' lang='lat' dir='ltr'><strong>mur,’⁷</strong></span> <span class='ocrx_word' id='word_1_25' title='bbox 302 700 409 774; x_wconf 87' lang='lat' dir='ltr'><strong>inquit,</strong></span> <span class='ocrx_word' id='word_1_26' title='bbox 433 697 595 756; x_wconf 87' lang='lat' dir='ltr'><strong>“milites?</strong></span> <span class='ocrx_word' id='word_1_27' title='bbox 638 697 746 755; x_wconf 91' lang='lat' dir='ltr'><strong>Orunis</strong></span> <span class='ocrx_word' id='word_1_28' title='bbox 775 706 876 755; x_wconf 88' lang='lat' dir='ltr'><strong>noster</strong></span> <span class='ocrx_word' id='word_1_29' title='bbox 904 700 1065 772; x_wconf 69' lang='lat' dir='ltr'><strong>equitatus</strong></span> 
     </span>
     <span class='ocr_line' id='line_1_6' title="bbox 183 778 1120 856; baseline -0.004 -18"><span class='ocrx_word' id='word_1_30' title='bbox 183 781 283 838; x_wconf 88' lang='lat' dir='ltr'><strong>omnis</strong></span> <span class='ocrx_word' id='word_1_31' title='bbox 306 781 447 837; x_wconf 80' lang='lat' dir='ltr'><strong>nobilitas</strong></span> <span class='ocrx_word' id='word_1_32' title='bbox 469 779 604 852; x_wconf 85' lang='lat' dir='ltr'><strong>interiit;</strong></span> <span class='ocrx_word' id='word_1_33' title='bbox 625 779 774 854; x_wconf 81' lang='lat' dir='ltr'>principes</span> <span class='ocrx_word' id='word_1_34' title='bbox 795 779 936 847; x_wconf 84' lang='lat' dir='ltr'><strong>civitatis,</strong></span> <span class='ocrx_word' id='word_1_35' title='bbox 959 779 1069 856; x_wconf 82' lang='lat' dir='ltr'><strong>Eporc-</strong></span> <span class='ocrx_word' id='word_1_36' title='bbox 1102 778 1120 834; x_wconf 82' lang='lat'>5</span> 
     </span>
     <span class='ocr_line' id='line_1_7' title="bbox 184 858 1068 932; baseline -0.001 -15"><span class='ocrx_word' id='word_1_37' title='bbox 184 861 272 918; x_wconf 81' lang='lat' dir='ltr'><strong>dorix</strong></span> <span class='ocrx_word' id='word_1_38' title='bbox 292 867 324 917; x_wconf 88' lang='lat' dir='ltr'><strong>ct</strong></span> <span class='ocrx_word' id='word_1_39' title='bbox 340 860 561 929; x_wconf 74' lang='lat' dir='ltr'><strong>Viridomarus</strong></span> <span class='ocrx_word' id='word_1_40' title='bbox 579 859 746 916; x_wconf 84' lang='lat' dir='ltr'><strong>insimulati</strong></span> <span class='ocrx_word' id='word_1_41' title='bbox 761 859 941 932; x_wconf 76' lang='lat' dir='ltr'><strong>proditionis</strong></span> <span class='ocrx_word' id='word_1_42' title='bbox 956 859 993 914; x_wconf 91' lang='lat' dir='ltr'><strong>ab</strong></span> <span class='ocrx_word' id='word_1_43' title='bbox 1008 858 1068 916; x_wconf 80' lang='lat' dir='ltr'><strong>Ito-</strong></span> 
     </span>
     <span class='ocr_line' id='line_1_8' title="bbox 183 938 1066 1014; baseline -0.001 -17"><span class='ocrx_word' id='word_1_44' title='bbox 183 941 283 997; x_wconf 87' lang='lat' dir='ltr'><strong>manis</strong></span> <span class='ocrx_word' id='word_1_45' title='bbox 304 940 417 998; x_wconf 90' lang='lat' dir='ltr'><strong>indicta</strong></span> <span class='ocrx_word' id='word_1_46' title='bbox 438 958 531 998; x_wconf 89' lang='lat' dir='ltr'><strong>causa</strong></span> <span class='ocrx_word' id='word_1_47' title='bbox 552 939 700 996; x_wconf 80' lang='lat' dir='ltr'><strong>interfecti</strong></span> <span class='ocrx_word' id='word_1_48' title='bbox 723 944 801 996; x_wconf 89' lang='lat' dir='ltr'><strong>suut.</strong></span> <span class='ocrx_word' id='word_1_49' title='bbox 847 938 920 996; x_wconf 81' lang='lat' dir='ltr'><strong>Haec</strong></span> <span class='ocrx_word' id='word_1_50' title='bbox 940 939 978 995; x_wconf 92' lang='lat' dir='ltr'><strong>ab</strong></span> <span class='ocrx_word' id='word_1_51' title='bbox 994 939 1066 1014; x_wconf 91' lang='lat' dir='ltr'><strong>ipsis</strong></span> 
     </span>
     <span class='ocr_line' id='line_1_9' title="bbox 183 1019 1066 1096; baseline -0.002 -18"><span class='ocrx_word' id='word_1_52' title='bbox 183 1025 367 1094; x_wconf 84' lang='lat' dir='ltr'><strong>cognoscite,</strong></span> <span class='ocrx_word' id='word_1_53' title='bbox 393 1019 444 1096; x_wconf 89' lang='lat' dir='ltr'><strong>qui</strong></span> <span class='ocrx_word' id='word_1_54' title='bbox 470 1037 507 1077; x_wconf 82' lang='lat' dir='ltr'><strong>cx</strong></span> <span class='ocrx_word' id='word_1_55' title='bbox 532 1020 598 1096; x_wconf 87' lang='lat' dir='ltr'><strong>ipsa</strong></span> <span class='ocrx_word' id='word_1_56' title='bbox 622 1019 701 1076; x_wconf 82' lang='lat' dir='ltr'><strong>caede</strong></span> <span class='ocrx_word' id='word_1_57' title='bbox 727 1019 883 1092; x_wconf 83' lang='lat' dir='ltr'><strong>fugerunt:</strong></span> <span class='ocrx_word' id='word_1_58' title='bbox 914 1036 984 1075; x_wconf 85' lang='lat' dir='ltr'><strong>narn</strong></span> <span class='ocrx_word' id='word_1_59' title='bbox 1008 1035 1066 1093; x_wconf 84' lang='lat' dir='ltr'><strong>ego</strong></span> 
     </span>
     <span class='ocr_line' id='line_1_10' title="bbox 182 1098 1066 1176; baseline 0 -20"><span class='ocrx_word' id='word_1_60' title='bbox 182 1099 327 1157; x_wconf 85' lang='lat' dir='ltr'><strong>fratribus</strong></span> <span class='ocrx_word' id='word_1_61' title='bbox 343 1111 432 1176; x_wconf 88' lang='lat' dir='ltr'><strong>atque</strong></span> <span class='ocrx_word' id='word_1_62' title='bbox 448 1101 588 1157; x_wconf 89' lang='lat' dir='ltr'><strong>omnibus</strong></span> <span class='ocrx_word' id='word_1_63' title='bbox 610 1099 684 1156; x_wconf 88' lang='lat' dir='ltr'><strong>meis</strong></span> <span class='ocrx_word' id='word_1_64' title='bbox 703 1098 879 1174; x_wconf 87' lang='lat' dir='ltr'><strong>propinquis</strong></span> <span class='ocrx_word' id='word_1_65' title='bbox 901 1098 1066 1156; x_wconf 87' lang='lat' dir='ltr'><strong>interfectis</strong></span> 
     </span>
     <span class='ocr_line' id='line_1_11' title="bbox 110 1178 1116 1256; baseline -0.003 -19"><span class='ocrx_word' id='word_1_66' title='bbox 110 1211 117 1225; x_wconf 62' lang='grc' dir='ltr'><em>ι</em></span> <span class='ocrx_word' id='word_1_67' title='bbox 183 1180 285 1237; x_wconf 86' lang='lat' dir='ltr'><strong>dolore</strong></span> <span class='ocrx_word' id='word_1_68' title='bbox 314 1180 483 1254; x_wconf 88' lang='lat' dir='ltr'><strong>prohibeor,</strong></span> <span class='ocrx_word' id='word_1_69' title='bbox 514 1197 579 1256; x_wconf 82' lang='lat' dir='ltr'><strong>quae</strong></span> <span class='ocrx_word' id='word_1_70' title='bbox 614 1187 703 1254; x_wconf 85' lang='lat' dir='ltr'><strong>gesta</strong></span> <span class='ocrx_word' id='word_1_71' title='bbox 731 1183 811 1250; x_wconf 90' lang='lat' dir='ltr'><strong>sunt,</strong></span> <span class='ocrx_word' id='word_1_72' title='bbox 842 1179 1066 1254; x_wconf 84' lang='lat' dir='ltr'><strong>pronunciare.’&#39;</strong></span> <span class='ocrx_word' id='word_1_73' title='bbox 1082 1178 1116 1234; x_wconf 89' lang='lat'><strong>10</strong></span> 
     </span>
     <span class='ocr_line' id='line_1_12' title="bbox 183 1257 1065 1335; baseline -0.001 -18"><span class='ocrx_word' id='word_1_74' title='bbox 183 1260 400 1318; x_wconf 81' lang='lat' dir='ltr'><strong>Producuntur</strong></span> <span class='ocrx_word' id='word_1_75' title='bbox 414 1259 443 1330; x_wconf 93' lang='lat' dir='ltr'><strong>ii,</strong></span> <span class='ocrx_word' id='word_1_76' title='bbox 460 1277 536 1335; x_wconf 89' lang='lat' dir='ltr'><strong>quos</strong></span> <span class='ocrx_word' id='word_1_77' title='bbox 559 1259 607 1316; x_wconf 90' lang='lat' dir='ltr'><strong>ille</strong></span> <span class='ocrx_word' id='word_1_78' title='bbox 622 1259 792 1330; x_wconf 79' lang='lat' dir='ltr'><strong>edocuerat,</strong></span> <span class='ocrx_word' id='word_1_79' title='bbox 808 1275 881 1334; x_wconf 70' lang='lat' dir='ltr'><strong>quae-</strong></span> <span class='ocrx_word' id='word_1_80' title='bbox 892 1259 950 1316; x_wconf 92' lang='lat' dir='ltr'><strong>dici</strong></span> <span class='ocrx_word' id='word_1_81' title='bbox 967 1257 1065 1328; x_wconf 83' lang='lat' dir='ltr'><strong>vellet,</strong></span> 
     </span>
     <span class='ocr_line' id='line_1_13' title="bbox 184 1339 1067 1416; baseline -0.001 -20"><span class='ocrx_word' id='word_1_82' title='bbox 184 1345 273 1416; x_wconf 90' lang='lat' dir='ltr'><strong>atque</strong></span> <span class='ocrx_word' id='word_1_83' title='bbox 289 1340 405 1409; x_wconf 89' lang='lat' dir='ltr'><strong>eadem,</strong></span> <span class='ocrx_word' id='word_1_84' title='bbox 421 1357 487 1415; x_wconf 86' lang='lat' dir='ltr'><strong>quac</strong></span> <span class='ocrx_word' id='word_1_85' title='bbox 511 1339 669 1396; x_wconf 89' lang='lat' dir='ltr'><strong>Litavicus</strong></span> <span class='ocrx_word' id='word_1_86' title='bbox 689 1339 951 1414; x_wconf 79' lang='lat' dir='ltr'><strong>pronunciaverat,</strong></span> <span class='ocrx_word' id='word_1_87' title='bbox 968 1339 1067 1395; x_wconf 89' lang='lat' dir='ltr'><strong>multi-</strong></span> 
     </span>
     <span class='ocr_line' id='line_1_14' title="bbox 182 1418 1065 1495; baseline 0 -19"><span class='ocrx_word' id='word_1_88' title='bbox 182 1420 280 1477; x_wconf 91' lang='lat' dir='ltr'><strong>tudini</strong></span> <span class='ocrx_word' id='word_1_89' title='bbox 291 1427 460 1495; x_wconf 85' lang='lat' dir='ltr'><strong>expouunt:</strong></span> <span class='ocrx_word' id='word_1_90' title='bbox 483 1421 599 1495; x_wconf 88' lang='lat' dir='ltr'><strong>equites</strong></span> <span class='ocrx_word' id='word_1_91' title='bbox 610 1419 780 1476; x_wconf 82' lang='lat' dir='ltr'><strong>AEduorum</strong></span> <span class='ocrx_word' id='word_1_92' title='bbox 791 1418 974 1489; x_wconf 71' lang='lat' dir='ltr'><strong>interiectos</strong></span> <span class='ocrx_word' id='word_1_93' title='bbox 984 1419 1065 1493; x_wconf 90' lang='lat' dir='ltr'><strong>quod</strong></span> 
     </span>
     <span class='ocr_line' id='line_1_15' title="bbox 182 1498 1066 1575; baseline -0.001 -19"><span class='ocrx_word' id='word_1_94' title='bbox 182 1500 323 1558; x_wconf 89' lang='lat' dir='ltr'><strong>collocuti</strong></span> <span class='ocrx_word' id='word_1_95' title='bbox 344 1518 411 1557; x_wconf 89' lang='lat' dir='ltr'><strong>cunr</strong></span> <span class='ocrx_word' id='word_1_96' title='bbox 441 1500 589 1556; x_wconf 85' lang='lat' dir='ltr'><strong>Arvernis</strong></span> <span class='ocrx_word' id='word_1_97' title='bbox 614 1499 801 1572; x_wconf 90' lang='lat' dir='ltr'><strong>dicerentur;</strong></span> <span class='ocrx_word' id='word_1_98' title='bbox 829 1498 912 1575; x_wconf 87' lang='lat' dir='ltr'><strong>ipsos</strong></span> <span class='ocrx_word' id='word_1_99' title='bbox 934 1515 966 1556; x_wconf 87' lang='lat' dir='ltr'><strong>se</strong></span> <span class='ocrx_word' id='word_1_100' title='bbox 987 1499 1066 1556; x_wconf 87' lang='lat' dir='ltr'><strong>inter</strong></span> 
     </span>
     <span class='ocr_line' id='line_1_16' title="bbox 182 1579 1118 1654; baseline 0 -18"><span class='ocrx_word' id='word_1_101' title='bbox 182 1579 407 1636; x_wconf 84' lang='lat' dir='ltr'><strong>multitudinem</strong></span> <span class='ocrx_word' id='word_1_102' title='bbox 436 1579 567 1640; x_wconf 88' lang='lat' dir='ltr'><strong>militum</strong></span> <span class='ocrx_word' id='word_1_103' title='bbox 596 1580 762 1636; x_wconf 79' lang='lat' dir='ltr'><strong>occultasse</strong></span> <span class='ocrx_word' id='word_1_104' title='bbox 789 1589 879 1654; x_wconf 88' lang='lat' dir='ltr'><strong>atquc</strong></span> <span class='ocrx_word' id='word_1_105' title='bbox 904 1596 941 1635; x_wconf 84' lang='lat' dir='ltr'><strong>ex</strong></span> <span class='ocrx_word' id='word_1_106' title='bbox 965 1579 1118 1636; x_wconf 85' lang='lat' dir='ltr'><strong>medial5</strong></span> 
     </span>
     <span class='ocr_line' id='line_1_17' title="bbox 182 1657 1066 1740; baseline -0.001 -24"><span class='ocrx_word' id='word_1_107' title='bbox 182 1660 262 1717; x_wconf 82' lang='lat' dir='ltr'><strong>caede</strong></span> <span class='ocrx_word' id='word_1_108' title='bbox 284 1659 462 1734; x_wconf 81' lang='lat' dir='ltr'><strong>profugisse.</strong></span> <span class='ocrx_word' id='word_1_109' title='bbox 508 1658 707 1740; x_wconf 84' lang='lat' dir='ltr'><strong>Conclamant</strong></span> <span class='ocrx_word' id='word_1_110' title='bbox 723 1657 819 1716; x_wconf 78' lang='lat' dir='ltr'><strong>AEdui</strong></span> <span class='ocrx_word' id='word_1_111' title='bbox 840 1665 872 1716; x_wconf 92' lang='lat' dir='ltr'><strong>et</strong></span> <span class='ocrx_word' id='word_1_112' title='bbox 893 1658 1066 1716; x_wconf 89' lang='lat' dir='ltr'><strong>Litavicum</strong></span> 
     </span>
     <span class='ocr_line' id='line_1_18' title="bbox 183 1738 1066 1814; baseline -0.002 -18"><span class='ocrx_word' id='word_1_113' title='bbox 183 1739 351 1809; x_wconf 89' lang='lat' dir='ltr'><strong>obsecrant,</strong></span> <span class='ocrx_word' id='word_1_114' title='bbox 374 1745 408 1795; x_wconf 90' lang='lat' dir='ltr'><strong>ut</strong></span> <span class='ocrx_word' id='word_1_115' title='bbox 428 1739 484 1795; x_wconf 88' lang='lat' dir='ltr'><strong>sibi</strong></span> <span class='ocrx_word' id='word_1_116' title='bbox 508 1739 653 1796; x_wconf 89' lang='lat' dir='ltr'><strong>consulat.</strong></span> <span class='ocrx_word' id='word_1_117' title='bbox 698 1738 821 1812; x_wconf 83' lang='lat' dir='ltr'><strong>“Quasi</strong></span> <span class='ocrx_word' id='word_1_118' title='bbox 843 1740 943 1808; x_wconf 87' lang='lat' dir='ltr'><strong>vcr0,”</strong></span> <span class='ocrx_word' id='word_1_119' title='bbox 969 1738 1066 1814; x_wconf 89' lang='lat' dir='ltr'><strong>inquit</strong></span> 
     </span>
     <span class='ocr_line' id='line_1_19' title="bbox 183 1818 1067 1890; baseline -0.001 -14"><span class='ocrx_word' id='word_1_120' title='bbox 183 1818 241 1890; x_wconf 90' lang='lat' dir='ltr'><strong>illc,</strong></span> <span class='ocrx_word' id='word_1_121' title='bbox 259 1819 403 1876; x_wconf 89' lang='lat' dir='ltr'><strong>“consilii</strong></span> <span class='ocrx_word' id='word_1_122' title='bbox 425 1819 465 1875; x_wconf 92' lang='lat' dir='ltr'><strong>sit</strong></span> <span class='ocrx_word' id='word_1_123' title='bbox 481 1835 536 1889; x_wconf 83' lang='lat' dir='ltr'><strong>res,</strong></span> <span class='ocrx_word' id='word_1_124' title='bbox 553 1837 587 1875; x_wconf 92' lang='lat' dir='ltr'><strong>ac</strong></span> <span class='ocrx_word' id='word_1_125' title='bbox 609 1836 668 1875; x_wconf 90' lang='lat' dir='ltr'><strong>non</strong></span> <span class='ocrx_word' id='word_1_126' title='bbox 690 1835 811 1875; x_wconf 88' lang='lat' dir='ltr'><strong>necesse</strong></span> <span class='ocrx_word' id='word_1_127' title='bbox 834 1818 875 1875; x_wconf 89' lang='lat' dir='ltr'><strong>sit</strong></span> <span class='ocrx_word' id='word_1_128' title='bbox 890 1819 976 1874; x_wconf 86' lang='lat' dir='ltr'><strong>uobis</strong></span> <span class='ocrx_word' id='word_1_129' title='bbox 995 1819 1067 1877; x_wconf 83' lang='lat' dir='ltr'><strong>Ger·</strong></span> 
     </span>
     <span class='ocr_line' id='line_1_20' title="bbox 183 1898 1066 1973; baseline 0.001 -18"><span class='ocrx_word' id='word_1_130' title='bbox 183 1899 306 1973; x_wconf 81' lang='lat' dir='ltr'><strong>gaviam</strong></span> <span class='ocrx_word' id='word_1_131' title='bbox 332 1899 511 1955; x_wconf 87' lang='lat' dir='ltr'><strong>contendere</strong></span> <span class='ocrx_word' id='word_1_132' title='bbox 536 1905 567 1955; x_wconf 92' lang='lat' dir='ltr'><strong>et</strong></span> <span class='ocrx_word' id='word_1_133' title='bbox 592 1917 659 1956; x_wconf 88' lang='lat' dir='ltr'><strong>curu</strong></span> <span class='ocrx_word' id='word_1_134' title='bbox 686 1898 833 1954; x_wconf 81' lang='lat' dir='ltr'><strong>Arvernis</strong></span> <span class='ocrx_word' id='word_1_135' title='bbox 859 1905 978 1955; x_wconf 86' lang='lat' dir='ltr'><strong>nosmet</strong></span> <span class='ocrx_word' id='word_1_136' title='bbox 999 1917 1066 1956; x_wconf 89' lang='lat' dir='ltr'><strong>con·</strong></span> 
     </span>
     <span class='ocr_line' id='line_1_21' title="bbox 185 1977 1117 2053; baseline 0.001 -18"><span class='ocrx_word' id='word_1_137' title='bbox 185 1980 322 2053; x_wconf 80' lang='lat' dir='ltr'><strong>jungere,</strong></span> <span class='ocrx_word' id='word_1_138' title='bbox 366 1979 417 2036; x_wconf 90' lang='lat' dir='ltr'><strong>Au</strong></span> <span class='ocrx_word' id='word_1_139' title='bbox 439 1979 621 2047; x_wconf 70' lang='lat' dir='ltr'><strong>dubitamus</strong></span> <span class='ocrx_word' id='word_1_140' title='bbox 637 1977 710 2053; x_wconf 92' lang='lat' dir='ltr'><strong>quin</strong></span> <span class='ocrx_word' id='word_1_141' title='bbox 731 1978 845 2034; x_wconf 83' lang='lat' dir='ltr'><strong>nelarie</strong></span> <span class='ocrx_word' id='word_1_142' title='bbox 868 1978 999 2035; x_wconf 80' lang='lat' dir='ltr'><strong>facinore</strong></span> <span class='ocrx_word' id='word_1_143' title='bbox 1015 1979 1065 2036; x_wconf 88' lang='lat' dir='ltr'><strong>ad·</strong></span> <span class='ocrx_word' id='word_1_144' title='bbox 1080 1979 1117 2035; x_wconf 72' lang='lat'><strong>20</strong></span> 
     </span>
     <span class='ocr_line' id='line_1_22' title="bbox 182 2056 1063 2132; baseline 0.002 -18"><span class='ocrx_word' id='word_1_145' title='bbox 182 2059 275 2116; x_wconf 91' lang='lat' dir='ltr'><strong>misso</strong></span> <span class='ocrx_word' id='word_1_146' title='bbox 291 2058 423 2114; x_wconf 85' lang='lat' dir='ltr'><strong>Romani</strong></span> <span class='ocrx_word' id='word_1_147' title='bbox 434 2059 499 2132; x_wconf 87' lang='lat' dir='ltr'><strong>jam</strong></span> <span class='ocrx_word' id='word_1_148' title='bbox 512 2058 550 2114; x_wconf 87' lang='lat' dir='ltr'><strong>ad</strong></span> <span class='ocrx_word' id='word_1_149' title='bbox 565 2076 620 2114; x_wconf 89' lang='lat' dir='ltr'><strong>nos</strong></span> <span class='ocrx_word' id='word_1_150' title='bbox 632 2057 853 2114; x_wconf 88' lang='lat' dir='ltr'><strong>interficiendos</strong></span> <span class='ocrx_word' id='word_1_151' title='bbox 865 2056 1063 2116; x_wconf 85' lang='lat' dir='ltr'><strong>concurrant?</strong></span> 
     </span>
     <span class='ocr_line' id='line_1_23' title="bbox 183 2137 1065 2213; baseline 0.002 -19"><span class='ocrx_word' id='word_1_152' title='bbox 183 2137 323 2208; x_wconf 87' lang='lat' dir='ltr'><strong>Proinde,</strong></span> <span class='ocrx_word' id='word_1_153' title='bbox 348 2139 374 2194; x_wconf 90' lang='lat' dir='ltr'><strong>si</strong></span> <span class='ocrx_word' id='word_1_154' title='bbox 403 2138 475 2213; x_wconf 92' lang='lat' dir='ltr'><strong>quid</strong></span> <span class='ocrx_word' id='word_1_155' title='bbox 499 2139 529 2194; x_wconf 91' lang='lat' dir='ltr'><strong>in</strong></span> <span class='ocrx_word' id='word_1_156' title='bbox 553 2139 640 2195; x_wconf 90' lang='lat' dir='ltr'><strong>nobis</strong></span> <span class='ocrx_word' id='word_1_157' title='bbox 666 2137 759 2195; x_wconf 89' lang='lat' dir='ltr'><strong>animi</strong></span> <span class='ocrx_word' id='word_1_158' title='bbox 778 2144 835 2208; x_wconf 87' lang='lat' dir='ltr'><strong>est,</strong></span> <span class='ocrx_word' id='word_1_159' title='bbox 850 2155 1065 2213; x_wconf 86' lang='lat' dir='ltr'><strong>persequamur</strong></span> 
     </span>
     <span class='ocr_line' id='line_1_24' title="bbox 181 2217 1064 2294; baseline 0.002 -20"><span class='ocrx_word' id='word_1_160' title='bbox 181 2235 285 2275; x_wconf 88' lang='lat' dir='ltr'><strong>eornm</strong></span> <span class='ocrx_word' id='word_1_161' title='bbox 308 2224 445 2286; x_wconf 89' lang='lat' dir='ltr'><strong>mortem,</strong></span> <span class='ocrx_word' id='word_1_162' title='bbox 462 2218 513 2292; x_wconf 90' lang='lat' dir='ltr'><strong>qui</strong></span> <span class='ocrx_word' id='word_1_163' title='bbox 538 2218 748 2293; x_wconf 83' lang='lat' dir='ltr'><strong>indignissime</strong></span> <span class='ocrx_word' id='word_1_164' title='bbox 772 2217 952 2276; x_wconf 84' lang='lat' dir='ltr'><strong>interierunt</strong></span> <span class='ocrx_word' id='word_1_165' title='bbox 975 2225 1064 2294; x_wconf 86' lang='lat' dir='ltr'><strong>atque</strong></span> 
     </span>
     <span class='ocr_line' id='line_1_25' title="bbox 182 2296 1065 2356; baseline 0.002 -2"><span class='ocrx_word' id='word_1_166' title='bbox 182 2298 238 2355; x_wconf 92' lang='lat' dir='ltr'><strong>hos</strong></span> <span class='ocrx_word' id='word_1_167' title='bbox 265 2297 398 2354; x_wconf 90' lang='lat' dir='ltr'><strong>latrones</strong></span> <span class='ocrx_word' id='word_1_168' title='bbox 427 2298 672 2355; x_wconf 84' lang='lat' dir='ltr'><strong>interficiamus.&#39;’</strong></span> <span class='ocrx_word' id='word_1_169' title='bbox 724 2296 867 2356; x_wconf 88' lang='lat' dir='ltr'><strong>Ostendit</strong></span> <span class='ocrx_word' id='word_1_170' title='bbox 895 2299 976 2356; x_wconf 89' lang='lat' dir='ltr'><strong>cives</strong></span> <span class='ocrx_word' id='word_1_171' title='bbox 1005 2299 1065 2356; x_wconf 74' lang='lat' dir='ltr'><strong>lta</strong></span> 
     </span>
     <span class='ocr_line' id='line_1_26' title="bbox 181 2378 1117 2454; baseline 0.001 -19"><span class='ocrx_word' id='word_1_172' title='bbox 181 2395 297 2449; x_wconf 73' lang='lat' dir='ltr'><strong>manos</strong></span> <span class='ocrx_word' id='word_1_173' title='bbox 314 2378 366 2454; x_wconf 90' lang='lat' dir='ltr'><strong>qui</strong></span> <span class='ocrx_word' id='word_1_174' title='bbox 389 2379 453 2452; x_wconf 87' lang='lat' dir='ltr'><strong>ejus</strong></span> <span class='ocrx_word' id='word_1_175' title='bbox 475 2378 608 2453; x_wconf 80' lang='lat' dir='ltr'><strong>praesidii</strong></span> <span class='ocrx_word' id='word_1_176' title='bbox 632 2378 741 2436; x_wconf 88' lang='lat' dir='ltr'><strong>fiducia</strong></span> <span class='ocrx_word' id='word_1_177' title='bbox 763 2397 823 2435; x_wconf 93' lang='lat' dir='ltr'><strong>una</strong></span> <span class='ocrx_word' id='word_1_178' title='bbox 842 2385 936 2436; x_wconf 86' lang='lat' dir='ltr'><strong>crant.</strong></span> <span class='ocrx_word' id='word_1_179' title='bbox 979 2379 1065 2454; x_wconf 81' lang='lat' dir='ltr'><strong>Mag·</strong></span> <span class='ocrx_word' id='word_1_180' title='bbox 1080 2379 1117 2436; x_wconf 73' lang='lat' dir='ltr'><strong>te</strong></span> 
     </span>
     <span class='ocr_line' id='line_1_27' title="bbox 182 2458 1065 2534; baseline 0.001 -19"><span class='ocrx_word' id='word_1_181' title='bbox 182 2475 254 2515; x_wconf 89' lang='lat' dir='ltr'><strong>num</strong></span> <span class='ocrx_word' id='word_1_182' title='bbox 270 2475 428 2515; x_wconf 87' lang='lat' dir='ltr'><strong>numerum</strong></span> <span class='ocrx_word' id='word_1_183' title='bbox 445 2458 586 2515; x_wconf 87' lang='lat' dir='ltr'><strong>frumenti</strong></span> <span class='ocrx_word' id='word_1_184' title='bbox 602 2465 846 2533; x_wconf 88' lang='lat' dir='ltr'><strong>commeatusque</strong></span> <span class='ocrx_word' id='word_1_185' title='bbox 859 2458 968 2532; x_wconf 88' lang='lat' dir='ltr'><strong>diripit,</strong></span> <span class='ocrx_word' id='word_1_186' title='bbox 981 2459 1065 2534; x_wconf 86' lang='lat' dir='ltr'><strong>ipsos</strong></span> 
     </span>
     <span class='ocr_line' id='line_1_28' title="bbox 182 2538 1064 2596; baseline 0.001 0"><span class='ocrx_word' id='word_1_187' title='bbox 182 2539 342 2596; x_wconf 74' lang='lat' dir='ltr'><strong>crudeliter</strong></span> <span class='ocrx_word' id='word_1_188' title='bbox 350 2539 539 2595; x_wconf 84' lang='lat' dir='ltr'><strong>&#39;excruciatos</strong></span> <span class='ocrx_word' id='word_1_189' title='bbox 551 2538 704 2595; x_wconf 86' lang='lat' dir='ltr'><strong>interficit:</strong></span> <span class='ocrx_word' id='word_1_190' title='bbox 725 2538 850 2596; x_wconf 91' lang='lat' dir='ltr'><strong>nuncios</strong></span> <span class='ocrx_word' id='word_1_191' title='bbox 862 2543 928 2596; x_wconf 93' lang='lat' dir='ltr'><strong>tota</strong></span> <span class='ocrx_word' id='word_1_192' title='bbox 939 2539 1064 2596; x_wconf 89' lang='lat' dir='ltr'><strong>civitate</strong></span> 
     </span>
     <span class='ocr_line' id='line_1_29' title="bbox 166 2618 1066 2694; baseline 0.001 -19"><span class='ocrx_word' id='word_1_193' title='bbox 166 2618 352 2690; x_wconf 82' lang='lat' dir='ltr'><strong>¹AEduorum</strong></span> <span class='ocrx_word' id='word_1_194' title='bbox 374 2618 511 2689; x_wconf 88' lang='lat' dir='ltr'><strong>dimittit,</strong></span> <span class='ocrx_word' id='word_1_195' title='bbox 527 2618 633 2675; x_wconf 88' lang='lat' dir='ltr'><strong>codem</strong></span> <span class='ocrx_word' id='word_1_196' title='bbox 657 2618 813 2676; x_wconf 90' lang='lat' dir='ltr'><strong>mendacio</strong></span> <span class='ocrx_word' id='word_1_197' title='bbox 829 2618 865 2675; x_wconf 89' lang='lat' dir='ltr'><strong>de</strong></span> <span class='ocrx_word' id='word_1_198' title='bbox 882 2619 963 2676; x_wconf 82' lang='lat' dir='ltr'><strong>caede</strong></span> <span class='ocrx_word' id='word_1_199' title='bbox 984 2621 1066 2694; x_wconf 91' lang='lat' dir='ltr'><strong>cqui-</strong></span> 
     </span>
     <span class='ocr_line' id='line_1_30' title="bbox 181 2698 1063 2774; baseline 0.002 -20"><span class='ocrx_word' id='word_1_200' title='bbox 181 2704 244 2755; x_wconf 91' lang='lat' dir='ltr'><strong>tum</strong></span> <span class='ocrx_word' id='word_1_201' title='bbox 275 2705 306 2756; x_wconf 87' lang='lat' dir='ltr'><strong>et</strong></span> <span class='ocrx_word' id='word_1_202' title='bbox 333 2698 504 2773; x_wconf 86' lang='lat' dir='ltr'><strong>principum</strong></span> <span class='ocrx_word' id='word_1_203' title='bbox 532 2704 707 2774; x_wconf 76' lang='lat' dir='ltr'><strong>permovet3</strong></span> <span class='ocrx_word' id='word_1_204' title='bbox 737 2698 882 2769; x_wconf 88' lang='lat' dir='ltr'><strong>hortatur,</strong></span> <span class='ocrx_word' id='word_1_205' title='bbox 912 2705 946 2756; x_wconf 95' lang='lat' dir='ltr'><strong>ut</strong></span> <span class='ocrx_word' id='word_1_206' title='bbox 974 2699 1063 2756; x_wconf 89' lang='lat' dir='ltr'><strong>simili</strong></span> 
     </span>
     <span class='ocr_line' id='line_1_31' title="bbox 181 2778 1116 2854; baseline 0 -18"><span class='ocrx_word' id='word_1_207' title='bbox 181 2779 307 2848; x_wconf 87' lang='lat' dir='ltr'><strong>ratione,</strong></span> <span class='ocrx_word' id='word_1_208' title='bbox 335 2785 425 2854; x_wconf 88' lang='lat' dir='ltr'><strong>atque</strong></span> <span class='ocrx_word' id='word_1_209' title='bbox 462 2779 526 2854; x_wconf 85' lang='lat' dir='ltr'><strong>ipse</strong></span> <span class='ocrx_word' id='word_1_210' title='bbox 561 2778 672 2850; x_wconf 83' lang='lat' dir='ltr'><strong>iecerit,</strong></span> <span class='ocrx_word' id='word_1_211' title='bbox 702 2795 773 2836; x_wconf 89' lang='lat' dir='ltr'><strong>suas</strong></span> <span class='ocrx_word' id='word_1_212' title='bbox 808 2778 932 2851; x_wconf 89' lang='lat' dir='ltr'><strong>iujurias</strong></span> <span class='ocrx_word' id='word_1_213' title='bbox 966 2797 1065 2853; x_wconf 86' lang='lat' dir='ltr'><strong>perse·</strong></span> <span class='ocrx_word' id='word_1_214' title='bbox 1079 2781 1116 2837; x_wconf 82' lang='lat'><strong>30</strong></span> 
     </span>
     <span class='ocr_line' id='line_1_32' title="bbox 179 2865 322 2934; baseline 0 -20"><span class='ocrx_word' id='word_1_215' title='bbox 179 2865 322 2934; x_wconf 86' lang='lat' dir='ltr'><strong>quantur.</strong></span> 
     </span>
    </p>

    <p class='ocr_par' dir='ltr' id='par_1_3' title="bbox 129 2937 1114 3570">
     <span class='ocr_line' id='line_1_33' title="bbox 221 2937 1065 3012; baseline -0.001 -16"><span class='ocrx_word' id='word_1_216' title='bbox 221 2941 268 2997; x_wconf 80' lang='lat'><strong>39.</strong></span> <span class='ocrx_word' id='word_1_217' title='bbox 292 2937 479 3012; x_wconf 80' lang='lat' dir='ltr'><strong>Eporedorix</strong></span> <span class='ocrx_word' id='word_1_218' title='bbox 492 2937 620 3008; x_wconf 82' lang='lat' dir='ltr'><strong>AEduus,</strong></span> <span class='ocrx_word' id='word_1_219' title='bbox 632 2953 750 2996; x_wconf 85' lang='lat' dir='ltr'><strong>summo</strong></span> <span class='ocrx_word' id='word_1_220' title='bbox 766 2937 830 2994; x_wconf 92' lang='lat' dir='ltr'><strong>loco</strong></span> <span class='ocrx_word' id='word_1_221' title='bbox 845 2943 935 2994; x_wconf 87' lang='lat' dir='ltr'><strong>natus</strong></span> <span class='ocrx_word' id='word_1_222' title='bbox 951 2938 1065 2996; x_wconf 85' lang='lat' dir='ltr'><strong>adoles·</strong></span> 
     </span>
     <span class='ocr_line' id='line_1_34' title="bbox 178 3017 1062 3092; baseline -0.001 -16"><span class='ocrx_word' id='word_1_223' title='bbox 178 3034 251 3076; x_wconf 86' lang='lat' dir='ltr'><strong>cens</strong></span> <span class='ocrx_word' id='word_1_224' title='bbox 266 3033 297 3074; x_wconf 84' lang='lat' dir='ltr'><strong>et</strong></span> <span class='ocrx_word' id='word_1_225' title='bbox 312 3035 438 3074; x_wconf 77' lang='lat' dir='ltr'><strong>summae</strong></span> <span class='ocrx_word' id='word_1_226' title='bbox 455 3017 534 3075; x_wconf 87' lang='lat' dir='ltr'><strong>domi</strong></span> <span class='ocrx_word' id='word_1_227' title='bbox 550 3018 702 3092; x_wconf 86' lang='lat' dir='ltr'><strong>potentiae,</strong></span> <span class='ocrx_word' id='word_1_228' title='bbox 719 3023 750 3073; x_wconf 90' lang='lat' dir='ltr'><strong>ct</strong></span> <span class='ocrx_word' id='word_1_229' title='bbox 764 3035 825 3073; x_wconf 90' lang='lat' dir='ltr'><strong>una</strong></span> <span class='ocrx_word' id='word_1_230' title='bbox 840 3017 1062 3089; x_wconf 70' lang='lat' dir='ltr'><strong>Viridomarus</strong></span> 
     </span>
     <span class='ocr_line' id='line_1_35' title="bbox 177 3097 1065 3174; baseline 0.001 -20"><span class='ocrx_word' id='word_1_231' title='bbox 177 3098 246 3174; x_wconf 88' lang='lat' dir='ltr'><strong>pari</strong></span> <span class='ocrx_word' id='word_1_232' title='bbox 262 3102 351 3155; x_wconf 84' lang='lat' dir='ltr'><strong>aetatc</strong></span> <span class='ocrx_word' id='word_1_233' title='bbox 366 3106 397 3154; x_wconf 90' lang='lat' dir='ltr'><strong>et</strong></span> <span class='ocrx_word' id='word_1_234' title='bbox 412 3098 519 3172; x_wconf 78' lang='lat' dir='ltr'><strong>gratia,</strong></span> <span class='ocrx_word' id='word_1_235' title='bbox 531 3099 584 3155; x_wconf 88' lang='lat' dir='ltr'><strong>sed</strong></span> <span class='ocrx_word' id='word_1_236' title='bbox 599 3115 708 3172; x_wconf 82' lang='lat' dir='ltr'><strong>genere</strong></span> <span class='ocrx_word' id='word_1_237' title='bbox 724 3097 845 3170; x_wconf 87' lang='lat' dir='ltr'><strong>dispari,</strong></span> <span class='ocrx_word' id='word_1_238' title='bbox 856 3115 945 3172; x_wconf 87' lang='lat' dir='ltr'><strong>quem</strong></span> <span class='ocrx_word' id='word_1_239' title='bbox 962 3097 1065 3155; x_wconf 76' lang='lat' dir='ltr'><strong>Caesar</strong></span> 
     </span>
     <span class='ocr_line' id='line_1_36' title="bbox 179 3175 1114 3235; baseline 0.001 -1"><span class='ocrx_word' id='word_1_240' title='bbox 179 3178 219 3234; x_wconf 87' lang='lat' dir='ltr'><strong>ab</strong></span> <span class='ocrx_word' id='word_1_241' title='bbox 235 3177 389 3234; x_wconf 82' lang='lat' dir='ltr'><strong>Divitiaco</strong></span> <span class='ocrx_word' id='word_1_242' title='bbox 411 3177 468 3233; x_wconf 85' lang='lat' dir='ltr'><strong>sibi</strong></span> <span class='ocrx_word' id='word_1_243' title='bbox 490 3177 636 3234; x_wconf 87' lang='lat' dir='ltr'><strong>traditum</strong></span> <span class='ocrx_word' id='word_1_244' title='bbox 657 3195 694 3234; x_wconf 86' lang='lat' dir='ltr'><strong>ex</strong></span> <span class='ocrx_word' id='word_1_245' title='bbox 715 3175 820 3233; x_wconf 92' lang='lat' dir='ltr'><strong>humili</strong></span> <span class='ocrx_word' id='word_1_246' title='bbox 843 3177 907 3234; x_wconf 91' lang='lat' dir='ltr'><strong>loco</strong></span> <span class='ocrx_word' id='word_1_247' title='bbox 929 3177 968 3234; x_wconf 89' lang='lat' dir='ltr'><strong>ad</strong></span> <span class='ocrx_word' id='word_1_248' title='bbox 987 3195 1065 3235; x_wconf 86' lang='lat' dir='ltr'><strong>sum·</strong></span> <span class='ocrx_word' id='word_1_249' title='bbox 1079 3180 1114 3235; x_wconf 77' lang='lat'><strong>35</strong></span> 
     </span>
     <span class='ocr_line' id='line_1_37' title="bbox 179 3257 1064 3332; baseline -0.001 -16"><span class='ocrx_word' id='word_1_250' title='bbox 179 3275 262 3316; x_wconf 80' lang='lat' dir='ltr'><strong>ruant</strong></span> <span class='ocrx_word' id='word_1_251' title='bbox 292 3257 474 3330; x_wconf 80' lang='lat' dir='ltr'><strong>dignitatem</strong></span> <span class='ocrx_word' id='word_1_252' title='bbox 503 3257 702 3332; x_wconf 76' lang='lat' dir='ltr'><strong>perduxerat,¹</strong></span> <span class='ocrx_word' id='word_1_253' title='bbox 719 3257 749 3312; x_wconf 94' lang='lat' dir='ltr'><strong>in</strong></span> <span class='ocrx_word' id='word_1_254' title='bbox 775 3257 911 3331; x_wconf 87' lang='lat' dir='ltr'><strong>equitum</strong></span> <span class='ocrx_word' id='word_1_255' title='bbox 939 3274 1064 3315; x_wconf 85' lang='lat' dir='ltr'><strong>numero</strong></span> 
     </span>
     <span class='ocr_line' id='line_1_38' title="bbox 178 3335 1064 3406; baseline 0.001 -12"><span class='ocrx_word' id='word_1_256' title='bbox 178 3343 395 3406; x_wconf 89' lang='lat' dir='ltr'><strong>convenerant,</strong></span> <span class='ocrx_word' id='word_1_257' title='bbox 420 3336 602 3394; x_wconf 88' lang='lat' dir='ltr'><strong>nominatim</strong></span> <span class='ocrx_word' id='word_1_258' title='bbox 624 3337 662 3392; x_wconf 91' lang='lat' dir='ltr'><strong>ab</strong></span> <span class='ocrx_word' id='word_1_259' title='bbox 686 3353 721 3392; x_wconf 87' lang='lat' dir='ltr'><strong>co</strong></span> <span class='ocrx_word' id='word_1_260' title='bbox 744 3337 871 3393; x_wconf 86' lang='lat' dir='ltr'><strong>evocati.</strong></span> <span class='ocrx_word' id='word_1_261' title='bbox 916 3335 976 3393; x_wconf 92' lang='lat' dir='ltr'><strong>His</strong></span> <span class='ocrx_word' id='word_1_262' title='bbox 998 3342 1064 3395; x_wconf 88' lang='lat' dir='ltr'><strong>erat</strong></span> 
     </span>
     <span class='ocr_line' id='line_1_39' title="bbox 129 3414 1064 3491; baseline -0.005 -16"><span class='ocrx_word' id='word_1_263' title='bbox 129 3453 130 3456; x_wconf 60' lang='lat'><em>=</em></span> <span class='ocrx_word' id='word_1_264' title='bbox 179 3417 260 3475; x_wconf 86' lang='lat' dir='ltr'><strong>inter</strong></span> <span class='ocrx_word' id='word_1_265' title='bbox 275 3434 307 3474; x_wconf 87' lang='lat' dir='ltr'><strong>se</strong></span> <span class='ocrx_word' id='word_1_266' title='bbox 324 3417 361 3474; x_wconf 95' lang='lat' dir='ltr'><strong>dc</strong></span> <span class='ocrx_word' id='word_1_267' title='bbox 376 3417 547 3491; x_wconf 89' lang='lat' dir='ltr'><strong>principatu</strong></span> <span class='ocrx_word' id='word_1_268' title='bbox 562 3416 724 3485; x_wconf 85' lang='lat' dir='ltr'><strong>contentia,</strong></span> <span class='ocrx_word' id='word_1_269' title='bbox 741 3420 773 3472; x_wconf 85' lang='lat' dir='ltr'><strong>ct</strong></span> <span class='ocrx_word' id='word_1_270' title='bbox 793 3415 825 3471; x_wconf 89' lang='lat' dir='ltr'><strong>in</strong></span> <span class='ocrx_word' id='word_1_271' title='bbox 839 3414 891 3471; x_wconf 92' lang='lat' dir='ltr'><strong>illa</strong></span> <span class='ocrx_word' id='word_1_272' title='bbox 905 3415 1064 3488; x_wconf 79' lang='lat' dir='ltr'><strong>magistra-</strong></span> 
     </span>
     <span class='ocr_line' id='line_1_40' title="bbox 178 3493 1064 3570; baseline -0.008 -15"><span class='ocrx_word' id='word_1_273' title='bbox 178 3503 268 3556; x_wconf 86' lang='lat' dir='ltr'><strong>tuum</strong></span> <span class='ocrx_word' id='word_1_274' title='bbox 297 3497 504 3554; x_wconf 84' lang='lat' dir='ltr'><strong>controversia</strong></span> <span class='ocrx_word' id='word_1_275' title='bbox 534 3496 610 3552; x_wconf 88' lang='lat' dir='ltr'><strong>alter</strong></span> <span class='ocrx_word' id='word_1_276' title='bbox 634 3513 687 3570; x_wconf 89' lang='lat' dir='ltr'><strong>pro</strong></span> <span class='ocrx_word' id='word_1_277' title='bbox 714 3493 962 3563; x_wconf 77' lang='lat' dir='ltr'><strong>Convictolitavi,</strong></span> <span class='ocrx_word' id='word_1_278' title='bbox 988 3494 1064 3550; x_wconf 85' lang='lat' dir='ltr'><strong>alter</strong></span> 
     </span>
    </p>
   </div>
   <div class='ocr_carea' id='block_1_3' title="bbox 301 3588 331 3637">
    <p class='ocr_par' dir='ltr' id='par_1_4' title="bbox 301 3588 331 3637">
     <span class='ocr_line' id='line_1_41' title="bbox 301 3588 331 3637; baseline 0.033 -1"><span class='ocrx_word' id='word_1_279' title='bbox 301 3588 331 3637; x_wconf 93' lang='lat' dir='ltr'><strong>ll</strong></span> 
     </span>
    </p>
   </div>
   <div class='ocr_carea' id='block_1_4' title="bbox 0 0 1278 3774">
    <p class='ocr_par' dir='ltr' id='par_1_5' title="bbox 0 0 1278 3774">
     <span class='ocr_line' id='line_1_42' title="bbox 0 0 1278 3774; baseline 0 1"><span class='ocrx_word' id='word_1_280' title='bbox 0 0 1278 3774; x_wconf 95' lang='lat' dir='ltr'><strong> </strong></span> 
     </span>
    </p>
   </div>
  </div>
 </body>
</html>
