2548 3774
469 298 582 346 urana
606 299 784 356 eururus.
1050 285 1092 354 97

154 453 201 506 est
225 447 264 506 ad
289 447 516 525 Gentiumque
542 450 603 507 fere
628 467 733 506 omnes
757 467 795 508 ex
817 449 918 508 Gallia
944 469 1038 510 naves

154 529 356 602 appellantur,
379 529 418 587 ad
440 529 720 602 orientem·sole1u;
746 530 871 588 inferior
891 531 930 589 ad
952 531 1038 588 meri·

153 607 236 665 diem
252 615 378 683 spectat.
422 608 491 666 Hoc
512 611 643 685 pertinet
658 609 777 668 circiter
792 610 876 668 milia
891 627 1036 686 passuum

152 688 328 762 quingenta.
377 689 517 746 Alterum
544 690 644 764 vergit
673 689 709 746 ad
735 689 917 766 Hispaniam
947 698 1036 767 atque

152 769 339 826 occidentem
355 769 458 839 solem,
475 788 535 845 qua
550 787 586 827 ex
601 775 686 843 parte
707 776 755 826 est
777 770 934 839 Hibernia,
950 771 1037 828 dimi·
1071 774 1088 830 5

153 847 203 905 dio
218 849 325 918 minor,
341 854 376 906 ut
390 849 568 919 estimatur,
585 867 676 925 quam
693 850 872 924 Britannia3
894 851 948 908 sed
969 852 1033 927 pari

151 929 252 1003 spatio
277 929 476 987 transmissus
499 935 589 1005 atque
611 946 649 986 ex
671 929 771 988 Gallia
792 936 840 988 est
864 931 894 988 in
917 931 1036 988 Britan·

151 1008 242 1066 niam.
285 1009 323 1066 In
344 1009 401 1066 hoo
421 1009 521 1067 medio
536 1027 625 1067 cursu
640 1015 688 1066 est
703 1009 809 1078 insula,
825 1028 891 1085 quae
907 1010 1036 1086 appella

150 1093 201 1145 tur
229 1087 339 1162 Mona;
373 1089 544 1163 complures
572 1095 718 1165 praeterea
746 1090 877 1148 minores
911 1090 1034 1165 objeetae

149 1167 257 1225 insulae
285 1169 517 1242 existimantur,
552 1169 590 1226 de
618 1170 728 1244 quibus
756 1169 866 1227 insulis
894 1171 1030 1228 nonnulli
1050 1171 1084 1228 10

150 1249 344 1324 scripserunt,
360 1249 426 1307 dies
440 1249 600 1307 continuos
616 1249 744 1324 triginta
763 1250 819 1306 sub
844 1250 951 1308 bruma
965 1269 1033 1308 esse

149 1335 281 1386 noctem.
325 1329 390 1386 Nos
406 1329 482 1387 nihil
497 1330 534 1387 de
555 1347 591 1387 eo
611 1330 891 1405 percontationibus
907 1331 1033 1405 reperie-

149 1406 266 1480 bamuS,
283 1409 341 1466 nisi
356 1410 447 1468 certis
468 1427 505 1466 ex
527 1427 605 1484 aqua
619 1409 769 1467 mensuris
791 1409 945 1468 breviores
966 1428 1033 1468 csse

149 1506 243 1563 quam
265 1488 295 1545 in
316 1490 487 1547 continente
508 1495 612 1547 noctes
634 1489 819 1548 videbamus.
864 1489 964 1563 Hujus
984 1495 1034 1547 est

86 1572 92 1582 '
148 1567 309 1643 longitudo
331 1569 441 1640 lateris,
458 1578 493 1627 ut
513 1570 571 1627 fert
591 1569 711 1626 illorum
734 1569 1084 1644 opini0,septingeu-15

148 1654 250 1706 torum
272 1649 396 1708 milium.
440 1649 577 1707 'l'ertium
602 1657 649 1706 est
671 1655 775 1707 contra
801 1650 1030 1724 septentriones,

149 1727 198 1785 cui
217 1729 295 1804 parti
311 1729 394 1787 nulla
415 1737 462 1787 est
484 1729 600 1803 objecta
621 1737 715 1802 terra;
737 1729 790 1786 sed
815 1730 878 1803 ejus
900 1729 1032 1803 angulus

148 1808 256 1866 lateris
284 1810 413 1866 maxime
434 1809 471 1866 ad
494 1809 688 1868 Germaniam
711 1815 842 1884 spectat:
868 1808 925 1866 hoc
945 1809 1031 1866 milia

148 1907 296 1964 passuum
312 1891 485 1963 octingenta
505 1890 535 1946 in
557 1889 777 1963 longitudinem
793 1906 859 1946 esse
880 1889 1032 1946 existima·

147 1976 206 2027 tur.
250 1969 301 2027 Ita
322 1971 420 2027 omnis
435 1970 533 2027 insula
547 1967 595 2026 e'st
609 1970 641 2026 in
656 1969 785 2027 circuitu
801 1969 893 2026 vicies
909 1976 1029 2027 centum
1047 1967 1084 2025 ΞΘ

148 2049 266 2106 milium
281 2067 434 2124 passuum.

191 2131 235 2186 14.
259 2129 306 2186 Ex
322 2129 369 2186 his
384 2129 523 2187 omnibus
538 2129 628 2204 longe
650 2135 722 2186 suut
735 2127 957 2200 humanissimi,
974 2130 1026 2204 qui

150 2207 295 2266 Cantium
315 2209 457 2278 incolunt,
480 2227 545 2284 quse
568 2210 651 2284 regio
672 2216 719 2267 est
740 2209 893 2266 maritima
915 2209 1030 2282 omnis;

149 2306 245 2364 neque
275 2288 403 2346 multum
433 2307 454 2349 a,
480 2289 596 2347 Gallica
623 2289 766 2346 differunt
800 2288 1026 2346 consuetudine.

149 2369 315 2426 Interiores
339 2369 470 2444 plerique
493 2370 644 2426 frumenta
665 2387 725 2426 non
747 2374 859 2438 serunt,
876 2369 929 2426 sed
950 2367 1028 2426 lacte
1045 2367 1082 2424 25

148 2454 180 2506 et
200 2467 289 2506 carne
316 2449 424 2506 vivunt
450 2449 638 2524 pellibusque
666 2453 738 2506 sunt
760 2449 871 2506 vestiti.
915 2447 1029 2506 Omnes

150 2546 220 2586 vero
236 2547 268 2586 se
279 2529 417 2586 Britanni
430 2530 507 2586 vitro
516 2526 660 2598 inficiunt,
671 2529 751 2603 quod
767 2528 925 2585 caeruleum
940 2527 1028 2585 efficit

148 2609 288 2678 colorem,
312 2616 401 2683 atque
430 2609 486 2666 hoc
512 2607 678 2666 horridiore
707 2609 831 2666 suntin
856 2625 960 2683 pugna
985 2625 1030 2664 as·

149 2694 254 2765 pectu:
277 2689 442 2764 capilloque
464 2695 536 2746 sunt
555 2688 704 2764 promisso
727 2694 818 2763 atquo
840 2687 924 2745 omni
943 2695 1028 2762 parte

148 2767 282 2844 corporis
298 2786 367 2826 rasa
381 2774 489 2843 praeter
503 2774 594 2844 caput
608 2780 639 2824 et
652 2768 769 2824 labrum
786 2767 934 2842 superius,
968 2766 1029 2824 Ux·
1044 2765 1081 2821 30

149 2865 216 2905 ores
232 2848 345 2912 habent
359 2848 429 2905 deni
444 2849 633 2923 duodenique
656 2847 734 2904 inter
749 2865 780 2904 se
799 2863 981 2918 communes,
998 2855 1029 2904 et

149 2928 282 2986 maxime
310 2929 424 2985 fratres·
452 2945 519 2985 eum
548 2928 691 2985 fratribus
725 2933 924 3002 parentesque
959 2945 1027 2984 cum

148 3007 273 3080 liberis,
295 3008 348 3065 sed
364 3007 388 3064 si
404 3009 454 3082 qui
470 3014 542 3064 sunt
555 3026 592 3065 ex
608 3007 655 3066 his
670 3008 743 3076 nati,
760 3025 863 3064 eorum
880 3006 1028 3064 habentur

148 3087 314 3162 liberique
328 3089 457 3160 primum
472 3087 558 3162 virgo
574 3105 698 3162 quaeque
715 3087 844 3144 deducta
858 3092 913 3144 est.

191 3171 236 3225 15.
261 3167 389 3242 Equites
411 3167 545 3224 hostium
567 3166 771 3241 essedariique
794 3166 903 3224 acriter
924 3165 1028 3240 proelio
1044 3161 1080 3217 35

149 3265 218 3306 cum
240 3248 379 3322 equitatu
400 3255 503 3304 nostro
525 3247 557 3303 in
579 3247 684 3304 itincre
706 3246 910 3313 conflixerunt,
925 3250 1029 3302 tamen

150 3333 185 3384 ut
200 3327 295 3384 nostri
310 3327 450 3384 erunibus
465 3326 603 3402 partibus
618 3326 786 3401 superiores
801 3325 913 3382 fuerint
938 3331 1029 3398 atque

150 3425 203 3465 eos
224 3407 256 3464 in
278 3407 372 3464 silvas
394 3407 545 3480 collesque
561 3405 775 3481 compulerint:
799 3405 851 3461 sed
873 3404 1030 3479 compluri-

151 3485 208 3544 bus
229 3487 404 3558 interfectis,
418 3485 555 3562 cupidius
578 3485 705 3543 insecuti
732 3484 892 3541 nonnullos
913 3501 950 3540 ex
965 3484 1028 3538 suis
1054 3514 1056 3518 -

271 3592 281 3626 ι’
