2524 3776
137 241 177 305 22
254 215 262 225 ”
406 257 453 304 aa
478 255 600 306 annno
626 258 803 307 arnume.

188 424 272 483 spem
285 408 365 483 fuga
377 409 504 479 tolleret,
516 408 691 467 cohortatus
706 426 778 467 suos
799 408 938 484 proeliunr
951 410 1070 468 commi·

187 488 235 546 sit.
279 487 395 546 Milites
415 489 511 548 eloco
527 489 680 564 superiore
695 490 765 564 pilis
780 489 883 546 missis
904 489 989 547 facile
1004 490 1070 548 hes.

185 568 263 626 tium
283 569 468 644 phalangem
483 570 701 645 perfregerunt.
745 569 792 626 Ea
806 569 941 643 disjecta,
957 569 1068 644 gladiis

185 647 338 706 destrictis
353 649 384 706 in
395 667 448 707 eos
459 649 604 724 impetum
617 650 760 707 fecerunt.
790 649 888 708 Gallis
903 667 1015 724 magno
1030 653 1068 708 ad
1122 649 1124 652 ’

150 728 317 804 ipuguam
346 735 412 786 erat
439 729 665 804 impedimenta,
687 730 769 806 quod
800 729 938 805 pluribus
963 748 1067 788 eorum

182 809 276 866 scutis
291 827 350 867 uno
365 809 428 867 ictu
448 810 578 885 pilorum
593 809 748 867 transfixis
769 815 800 868 et
821 809 982 885 colligatis
998 828 1066 868 cum

181 888 291 946 ferrum
314 907 346 947 se
365 889 538 957 inflexisset,
555 908 652 964 neque
666 890 795 948 evellere
820 908 917 965 neque
943 890 1065 950 sinistra

180 968 327 1044 impedita
360 970 436 1026 satis
458 970 613 1027 commode
635 988 770 1044 pugnare
792 976 948 1045 poterant;
976 972 1064 1030 multi

179 1055 221 1119 ut,
244 1050 297 1107 diu
313 1051 430 1124 jactato
452 1051 583 1121 brachie,
606 1055 810 1125 praeoptarent
831 1056 949 1108 scutum
972 1069 1065 1110 manu

129 1127 163 1185 10
178 1132 316 1188 emittere
341 1137 372 1188 et
393 1131 474 1203 nudo
489 1147 612 1205 corpore
628 1148 772 1205 pugnare.
809 1129 946 1188 Tandem
965 1132 1066 1190 vulne·

177 1210 261 1267 ribus
276 1210 386 1268 defessi
411 1220 443 1268 et
463 1211 571 1286 pedem
596 1211 704 1267 referre
730 1215 768 1280 et,
785 1211 865 1285 quod
887 1229 975 1268 mons
997 1213 1066 1270 sula

177 1296 243 1347 erat
257 1291 376 1348 circiter
387 1291 468 1349 mille
480 1309 635 1366 passuum,
651 1308 687 1349 eo
703 1308 734 1347 se
752 1291 884 1365 recipere
899 1298 1061 1367 coeperunt.

178 1369 277 1444 Capto
299 1376 400 1428 monte
422 1378 453 1428 et
475 1371 705 1429 succedentibus
726 1371 848 1440 nostris,
868 1371 934 1428 Boii
958 1377 989 1428 et
1004 1372 1063 1430 Tu-

176 1449 260 1526 lingi,
290 1451 342 1526 qui
377 1450 532 1508 hominum
579 1450 703 1507 milibus
737 1450 857 1508 circiter
884 1451 1059 1526 quindecim

126 1528 159 1584 15
176 1547 285 1606 agmen
309 1530 440 1588 hostium
463 1531 644 1588 claudebant
668 1536 699 1587 et
721 1530 897 1588 novissimis
918 1532 1061 1606 prasidio

174 1617 269 1681 erant,
286 1629 323 1668 ex
344 1611 451 1669 itinere
472 1618 594 1669 nostros
613 1610 706 1668 latere
722 1616 827 1684 aperto
843 1611 979 1687 aggressi
1007 1613 1061 1670 cir·

173 1709 369 1749 cumvenere:
385 1696 415 1748 et
430 1691 461 1748 id
473 1691 640 1766 conspicati
654 1691 798 1762 Helvetii,
811 1692 862 1768 qui
877 1691 908 1749 in
924 1699 1059 1750 montem

173 1789 238 1829 sese
254 1777 437 1846 receperant,
455 1787 559 1828 rursus
580 1771 695 1829 instare
717 1776 748 1828 et
768 1771 908 1846 proelium
932 1772 1060 1830 redinte-

172 1868 259 1925 grare
277 1857 438 1927 eoeperunt.
481 1850 615 1909 Romani
637 1868 783 1908 conversa
805 1851 893 1925 signa
913 1851 1059 1926 bipartito

120 1930 156 1985 20
172 1932 356 1989 intulerunt:
371 1931 470 2006 prima
492 1949 526 1988 ac
541 1931 674 1988 secunda
689 1931 777 1999 acies
788 1936 823 1988 ut
834 1931 923 1988 victis
933 1948 967 1988 ac
989 1933 1059 1990 suia

172 2012 264 2069 metis
279 2011 449 2085 resisteret3
471 2011 570 2082 tertia,
588 2017 622 2068 ut
636 2007 794 2068 venientes
808 2011 968 2085 exciperet.

212 2095 257 2151 26.
281 2093 331 2149 Ita
347 2091 470 2166 ancipiti
485 2092 590 2167 proeiio
602 2091 653 2149 din
666 2097 756 2166 atque
769 2091 876 2148 acriter
886 2097 1056 2166 pugnatum

170 2178 224 2228 est.
269 2171 394 2229 Diutius
409 2189 476 2229 cum
492 2177 664 2228 nostrorum
681 2171 813 2245 impetus
829 2171 979 2229 sustinere
995 2190 1056 2230 non

170 2258 303 2326 possent,
320 2251 408 2309 alteri
430 2269 471 2323 se,
495 2256 529 2308 ut
550 2250 761 2326 emperantia
783 2257 917 2309 montem
940 2270 1057 2328 recepe·

118 2329 155 2385 25
171 2339 255 2404 runt;
278 2332 418 2389 arteriae
434 2331 651 2406 impedimenta
672 2337 703 2388 et
718 2349 819 2388 carros
841 2349 912 2390 suos
934 2350 967 2390 se
988 2351 1056 2390 cou-

170 2412 312 2470 tulerunt.
356 2411 437 2468 Nam
459 2413 515 2470 hoc
537 2417 602 2469 toto
624 2411 740 2487 proelio,
757 2429 825 2469 cum
842 2413 879 2469 ab
895 2412 969 2470 hora
990 2430 1054 2487 sep-

170 2492 245 2548 tima
267 2493 304 2549 ad
327 2509 485 2567 vesperum
508 2499 678 2566 pugnatum
701 2491 750 2561 sit,
770 2509 910 2548 aversum
933 2492 1052 2550 hostem

171 2573 272 2630 videre
294 2591 381 2630 nemo
403 2573 510 2647 potuit.
554 2573 606 2629 Ad
628 2571 756 2628 multam
772 2578 890 2629 nectem
906 2573 998 2630 etiam
1015 2573 1053 2631 ad

169 2651 385 2727 impedimenta
412 2657 582 2728 pugnatum
610 2656 666 2722 est,
695 2657 856 2726 propterea
884 2653 962 2727 quod
996 2670 1052 2726 pro

118 2734 154 2790 30
170 2732 249 2789 vallo
267 2749 367 2790 carros
384 2732 564 2807 objecerant,
580 2736 612 2789 et
632 2749 649 2788 e
670 2730 736 2789 ioco
758 2732 911 2806 superiore
933 2732 964 2789 in
986 2750 1053 2790 nos·

170 2817 233 2868 tres
254 2813 410 2869 venientes
437 2813 499 2870 tela
522 2811 722 2886 conjiciebant
753 2817 784 2868 et
805 2812 942 2868 nonnulii
972 2813 1052 2870 inter

169 2908 270 2949 carros
298 2898 441 2966 rotasque
467 2897 600 2949 mataras
630 2910 663 2948 ac
691 2891 830 2966 tragulas
853 2891 1051 2966 subjiciebant

170 2977 347 3046 nostrosque
364 2972 572 3029 vulnerabant.
615 2971 677 3029 Diu
690 2989 759 3029 cum
773 2977 856 3029 esset
870 2977 1048 3048 pugnatum,

169 3051 394 3126 impedimentis
411 3052 578 3126 castrisque
593 3052 689 3108 nostri
704 3051 794 3126 potiti
812 3058 891 3111 sunt.
935 3051 981 3111 Ibi
998 3050 1050 3110 Or·

117 3134 153 3190 35
169 3131 315 3206 geterigis
330 3131 390 3188 iilia
415 3139 505 3206 atque
520 3149 598 3188 unus
613 3149 630 3188 e
646 3131 714 3188 filiis
730 3137 835 3208 captus
850 3136 904 3191 est.
949 3131 997 3190 Ex
1013 3151 1049 3190 eo

169 3211 273 3286 proelio
295 3211 411 3269 circiter
433 3211 517 3268 milia
548 3210 703 3269 hominum
726 3219 847 3269 centum
869 3217 900 3270 et
920 3212 1048 3287 triginta

169 3291 382 3364 superfuerunt
406 3308 500 3365 eaque
522 3295 589 3347 tota
608 3297 694 3348 nocte
720 3292 910 3349 continenter
931 3292 1047 3351 ierunt:

170 3371 283 3427 nullam
312 3376 428 3445 purtem
456 3369 555 3426 noctis
582 3369 688 3427 itinere
717 3370 889 3429 intermisso
921 3372 952 3428 in
974 3372 1047 3430 fines

172 3449 344 3526 Lingonum
360 3450 408 3507 die
424 3454 531 3524 quarte
552 3455 764 3522 pervenerunt,
780 3469 848 3508 curn
873 3457 903 3510 et
925 3465 1048 3528 propter
