2524 3776
482 255 595 303 ursan
620 255 773 304 paruus.
1052 240 1094 306 38

158 408 204 466 cia
218 407 387 464 desisteret.
432 407 506 465 Dies
527 406 673 482 colloquio
689 406 787 465 dictus
807 411 862 476 est,
878 424 915 464 ex
935 423 971 464 eo
992 406 1041 464 die

158 488 281 562 quintus
343 487 469 544 Interim
495 504 573 563 saepe
599 487 678 544 ultro
702 487 835 562 citroque
858 503 924 544 cum
948 486 1042 561 legati

158 568 236 624 inter
249 584 302 624 eos
316 567 515 635 mitterentur,
527 567 703 624 Ariovistus
717 566 941 642 postulavique
953 584 1042 641 quem

158 647 289 723 peditem
312 647 351 703 ad
373 646 553 722 colloquium
570 647 673 705 Oaesar
687 646 864 704 adduceret:
886 647 983 703 vereri
997 663 1039 716 se,

158 745 195 783 ue
211 745 263 803 per
277 726 406 784 insidias
422 727 461 783 ab
476 744 512 784 eo
528 727 810 784 circumveniretur:
834 731 957 801 uterque
973 743 1041 784 cum
1076 729 1093 786 5

157 807 440 882 equitatu-veniret:
463 806 522 863 alia
533 809 649 864 ratione
665 824 697 864 se
713 823 773 863 non
788 823 855 863 esse
871 812 1039 864 venturum.

159 885 359 962 Ooesar,quod
375 904 469 962 neque
485 886 664 961 colloquium
679 886 856 962 interposita
870 903 961 942 causa
975 885 1040 943 tolli

159 968 290 1036 volebat,
320 984 415 1042 neque
444 966 573 1024 salutem
596 983 683 1023 snam
712 965 868 1025 Gallorum
896 965 1043 1040 equitatui

157 1047 345 1106 committere
368 1047 507 1116 audebat,
530 1046 803 1104 commodissimum
831 1062 898 1102 esse
923 1045 1040 1116 statuit,

158 1127 297 1184 omuibus
311 1127 396 1202 equis
412 1126 508 1184 Gallis
528 1126 678 1200 equitibus
693 1125 846 1195 detractis
861 1143 897 1182 eo
911 1125 1043 1199 legiona-
1058 1127 1094 1185 10

158 1207 218 1264 rios
233 1206 344 1264 milites
359 1205 485 1280 legionis
500 1205 629 1275 decima,
646 1205 693 1263 cui
708 1223 798 1281 quam
812 1205 940 1263 maxime
956 1204 1043 1263 conli-

158 1287 259 1357 debat,
278 1287 439 1366 imponere,
461 1290 495 1343 ut
515 1285 686 1361 praesidinm
707 1303 797 1361 quam
820 1285 1040 1356 amicissimum,

158 1366 271 1442 siquid
286 1383 362 1441 opus
377 1366 456 1424 facto
477 1370 567 1436 esset,
584 1364 717 1423 baberet.
762 1365 851 1439 Quod
866 1382 933 1422 cum
949 1363 1040 1434 fieret,

159 1463 219 1503 nou
241 1445 390 1504 inridicule
405 1446 526 1522 quidam
551 1463 588 1502 ex
608 1445 753 1503 militibus
768 1445 890 1503 decima
912 1444 1041 1518 legionis

158 1525 252 1584 dixit:
289 1525 391 1601 “plus
421 1543 512 1601 quam
540 1525 689 1600 pollicitus
714 1531 804 1593 esset,
835 1523 986 1583 Oaesarem
1014 1524 1042 1581 ei
1058 1528 1093 1584 15

158 1606 276 1678 facere3
296 1604 470 1680 pollicitum,
487 1621 518 1662 se
533 1605 564 1660 iu
579 1605 710 1662 cohortis
725 1604 871 1680 praetoriae
886 1604 951 1661 loco
966 1604 1042 1662 deci-

158 1703 241 1743 mam
255 1685 404 1759 legionem
419 1684 599 1754 habiturum,
615 1685 653 1742 ad
669 1702 777 1760 equum
792 1684 984 1742 rescribere.”

199 1769 245 1824 43.
270 1764 416 1822 Planities
431 1769 497 1822 erat
511 1782 622 1838 magna
631 1769 661 1822 et
672 1765 702 1821 in
713 1783 750 1822 ea
759 1764 898 1822 tumulus·
904 1769 1042 1822 terrenus

158 1846 234 1902 satis
249 1845 381 1919 grandis.
422 1844 483 1902 Hie
496 1844 580 1901 locus
595 1861 678 1920 aequo
694 1844 754 1902 fere
770 1845 867 1920 spatio
883 1844 920 1900 ab
934 1843 1042 1902 castris

159 1924 312 1984 Ariovisti
326 1929 357 1982 et
373 1924 502 1984 Gaesaris
518 1924 631 1982 aberat.
668 1924 722 1993 Eo,
739 1930 773 1981 nt
787 1930 853 1981 erat
867 1924 987 1994 dictum,
1005 1923 1042 1980 ad
1057 1925 1095 1983 20

159 2005 340 2080 colloquium
356 2009 511 2061 venerunt.
544 2003 709 2079 Legionem
727 2003 838 2072 Oaesar,
854 2021 944 2078 qnam
958 2003 1043 2078 equis

159 2085 331 2154 devexerat,
342 2085 483 2160 passibus
497 2083 631 2142 ducentis
643 2084 681 2140 ab
696 2101 731 2141 eo
746 2083 861 2141 tumulo
876 2083 1040 2140 constituit.

159 2164 237 2222 Item
259 2164 377 2239 equites
399 2164 547 2221 Ariovisti
567 2164 632 2239 pari
653 2163 812 2221 intervallo
834 2163 1041 2220 constiterunt.

159 2244 344 2312 Ariovistus
361 2262 398 2300 ex
419 2243 503 2319 equis
520 2251 554 2300 ut
572 2243 811 2318 colloquerentur
834 2248 865 2300 et
883 2248 990 2318 praeter
1011 2259 1042 2298 se

159 2324 255 2381 denos
270 2329 304 2380 ut
319 2324 356 2380 ad
372 2322 550 2398 colloquium
567 2323 757 2392 adducerent,
772 2323 947 2398 postulavit.
980 2322 1043 2379 Ubi
1058 2324 1095 2380 at

159 2422 196 2461 eo
212 2408 337 2460 ventum
351 2409 407 2472 cst,
424 2402 528 2462 Oaesar
553 2402 637 2460 initio
659 2403 801 2461 orationis
826 2419 882 2459 sua
905 2407 1041 2459 senatus-

160 2501 218 2558 que
234 2483 264 2539 in
278 2501 346 2540 eum
368 2483 511 2540 beneficia
525 2482 778 2552 commemoravit,
823 2481 900 2556 qnod
923 2499 976 2539 rex
996 2500 1044 2557 ap

160 2562 291 2638 pellatus
310 2569 391 2620 esset
413 2580 430 2619 a
455 2567 571 2632 senatu,
587 2563 666 2638 quod
682 2563 803 2630 amicus
818 2561 898 2637 quod
919 2578 1043 2618 munera

160 2642 347 2718 amplissima
362 2642 471 2699 missa:
493 2660 583 2717 quam
598 2659 660 2699 rem
671 2647 702 2700 et
715 2641 819 2718 paucis
833 2641 1004 2715 contigisse,
1012 2645 1043 2700 et

164 2738 220 2797 pro
241 2723 362 2796 magnis
383 2723 537 2780 bominum
554 2723 656 2780 officiis
670 2739 831 2779 consuesse
846 2722 937 2779 tribul
955 2721 1039 2778 doce·
1057 2721 1095 2777 30

164 2800 235 2859 bat:
258 2803 351 2871 illum,
367 2821 433 2860 cnm
457 2820 551 2878 neque
574 2803 689 2860 aditum
712 2820 807 2875 neque
829 2819 952 2858 eausam
972 2817 1039 2877 pos-

163 2881 283 2939 tulandi
294 2884 409 2953 justam
431 2882 563 2951 haberet,
579 2881 722 2939 beneficio
738 2899 771 2938 ac
786 2881 967 2938 liberalitate
983 2897 1038 2936 sua

162 2978 199 3018 ac
214 2967 339 3018 senatus
353 2980 389 3018 ea
403 2963 525 3036 praemia
539 2967 740 3019 consecutum.
784 2960 920 3018 Docebat
935 2960 1036 3029 etiam,

89 3055 91 3058 ·
162 3058 256 3114 quarn
273 3049 388 3100 veteres
409 3059 558 3116 quamque
573 3044 663 3115 justae
686 3057 783 3098 causae
805 3039 1036 3098 necessitudinis

162 3119 240 3194 ipsis
262 3120 454 3178 cumAEdnis
482 3122 708 3189 intercederent,
723 3138 789 3196 quae
818 3127 942 3177 senatus
971 3136 1036 3176 con·
1055 3117 1092 3173 35

161 3200 253 3268 sulta,
283 3201 409 3275 quoties,
440 3219 590 3276 quamque
620 3200 783 3257 honorifica
813 3199 844 3256 in
875 3217 927 3256 eos
956 3199 1037 3254 facta

159 3285 282 3336 essent:
298 3288 332 3336 ut
347 3280 427 3336 omni
456 3286 589 3354 ternpore
605 3280 699 3337 totius
715 3279 820 3338 Galliae
836 3279 1036 3352 principatum

163 3358 258 3417 AEldni
286 3360 466 3429 tenuissent,
481 3361 564 3436 prins
578 3360 668 3416 etiam
684 3375 774 3432 quarn
790 3364 923 3413 nostram
939 3353 1037 3409 amici-

163 3439 238 3495 tiam
255 3439 458 3516 appetissent:
480 3439 583 3516 populi
598 3437 729 3495 Romani
744 3435 822 3492 hanc
836 3450 902 3491 esse
917 3447 1037 3489 cousue-

293 3531 307 3577 3
