2548 3774
494 296 609 344 urana
629 297 824 344 snrrruos.
1062 280 1123 344 153

187 447 347 505 tenuantis
371 446 519 506 introrsus
544 449 745 521 reducebant;
766 453 798 505 ct
823 465 966 524 aggerem
991 446 1070 506 cuni-

186 527 264 585 culis
293 528 521 599 subtrahebant,
550 547 586 587 eo
615 530 768 599 scientius,
798 529 879 604 quod
907 529 988 604 apud
1016 546 1070 586 eos

186 625 306 682 magma
321 613 394 666 sunt
409 609 539 666 ferrariae
551 616 642 685 atque
654 627 742 668 omne
755 626 852 684 genus
863 609 1070 667 cuniculorum

186 695 293 744 notum
315 693 406 763 atque
427 690 575 747 usitatum
596 696 652 748 est.
696 689 807 747 Totum
828 695 931 746 autem
951 706 1070 746 murum

185 785 224 824 ex
245 769 327 825 omni
349 776 435 844 parte
454 771 589 827 turribus
610 770 882 828 contabulaverant
902 776 992 845 atque
1014 770 1070 826 has
1105 767 1121 826 5

185 849 275 906 coriis
291 847 471 908 intexerent.
509 849 585 907 Tum
601 850 714 908 crebris
728 849 846 907 diurnis
855 850 1070 925 nocturnisque

185 928 397 1002 eruptionibus
418 939 471 988 aut
486 931 590 1006 aggeri
606 931 706 1006 ignem
728 929 898 987 inferebant
922 935 976 987 aut
995 929 1071 986 mili·

185 1013 233 1065 tes
255 1015 419 1084 occupatos
441 1010 472 1068 in
493 1028 581 1086 opere
601 1010 831 1083 adoriebantur3
852 1015 884 1067 et
899 1015 1070 1067 nostrarum

185 1088 316 1145 turrium
326 1089 527 1161 altitudinem,
539 1097 687 1166 quantum
699 1091 755 1148 has
767 1090 963 1166 quotidianus
975 1107 1071 1165 agger

185 1176 384 1244 expresserat,
400 1171 571 1228 commissis
593 1189 717 1229 suarum
739 1171 869 1228 turrium
890 1170 1123 1230 molienda-10

185 1249 340 1324 quabant;
361 1254 392 1306 et
407 1257 528 1324 opertos
543 1250 698 1309 cuniculos
718 1258 852 1326 praeusta
872 1255 904 1308 et
918 1256 1071 1326 praeacuta

185 1330 316 1386 materia
349 1336 380 1387 et
408 1331 474 1405 pice
510 1332 674 1390 fervefacta
708 1337 740 1389 et
768 1330 893 1406 maximi
927 1330 1070 1406 ponderis

185 1409 277 1547 {ogig
287 1409 487 1468 'morabantur
508 1412 717 1487 moenibusque
743 1411 983 1487 appropinquare
1004 1428 1071 1486 pro·

208 1489 340 1548 icant

228 1572 274 1628 23.
298 1569 382 1629 Muri
410 1576 512 1629 autem
540 1589 645 1630 omnes
675 1570 785 1630 Gallici
810 1570 867 1628 hoc
888 1571 949 1628 lere
974 1570 1070 1628 forma
1088 1573 1122 1631 15
1157 1583 1160 1591 ⁴

186 1656 271 1707 sunt:
282 1651 382 1708 trebes
398 1653 519 1708 directae
533 1659 684 1728 perpetuae
706 1651 737 1709 in
758 1651 980 1726 longitudinem
994 1650 1071 1727 pari-

186 1730 244 1787 bus
256 1731 425 1790 intervallis
440 1733 591 1790 distantes
606 1733 685 1790 inter
699 1751 731 1790 se
747 1732 835 1789 binos
847 1731 949 1807 podest,
962 1731 993 1788 in
1005 1731 1070 1788 solo

185 1810 391 1886 collocantur;
426 1811 473 1869 bae
501 1813 710 1870 revinciuntur
737 1812 888 1870 introrsus
915 1817 947 1869 et
974 1811 1070 1868 multo

186 1909 300 1966 aggere
317 1892 495 1951 vestiuntur.
538 1889 586 1950 Ea
608 1898 718 1963 autem,
735 1910 801 1968 quae
822 1893 963 1962 diximus,
982 1892 1072 1948 inter·

186 1973 269 2029 valla
293 1972 459 2047 grandibus
482 1972 513 2029 in
538 1973 636 2030 fronte
659 1973 742 2030 saxis
764 1973 965 2030 effarciuntur.
1010 1971 1070 2030 His
1086 1973 1123 2031 20

186 2052 343 2110 collocatis
354 2059 385 2110 et
395 2053 618 2127 coagmentatis
630 2053 708 2110 alins
719 2053 842 2126 insuper
853 2053 926 2110 ordo
939 2051 1067 2121 additur,

186 2138 221 2190 ut
242 2133 323 2189 idem
344 2133 419 2190 illud
441 2133 636 2190 intervallum
658 2140 803 2202 servetur,
820 2151 915 2208 neque
937 2132 1016 2189 inter
1037 2150 1070 2189 se

186 2213 368 2287 contingant
388 2212 499 2282 trabes,
527 2213 580 2270 sed
604 2213 728 2289 paribus
749 2213 929 2270 intermissae
951 2213 1068 2288 spatiis,

186 2293 316 2368 singula
337 2293 466 2368 singulis
481 2293 564 2350 saxis
584 2293 749 2367 interjectis
771 2299 835 2350 arte
849 2293 1068 2350 contineantur.

188 2372 239 2431 Sic
254 2373 396 2449 deinceps
411 2391 499 2430 omne
511 2391 591 2448 ,opus
612 2374 791 2443 contexitur,
807 2373 880 2430 dum
893 2375 978 2448 justa
993 2373 1070 2430 muri
1086 2375 1134 2431 25·

187 2453 317 2510 altitudo
327 2454 492 2528 expleatur.
526 2453 595 2511 Hoc
610 2472 677 2512 cum
692 2454 724 2510 in
739 2454 869 2529 speciem
880 2455 1070 2511 varietatem·

186 2551 244 2608 que
260 2551 336 2607 opus
348 2533 482 2591 deforme
497 2539 627 2604 nonest,
642 2533 767 2591 alternis
779 2533 917 2591 trabibus
929 2552 963 2591 ac
979 2535 1069 2603 sarie,

186 2631 253 2688 quae
267 2614 359 2671 rectis
372 2614 460 2670 lineis
475 2631 547 2670 suos
563 2613 683 2671 ordines
703 2619 843 2687 ser·vaut;
865 2618 928 2670 tum
943 2613 981 2671 ad
992 2614 1072 2671 utili·

186 2699 282 2750 tatem
297 2701 329 2751 et
342 2693 549 2751 defensionem
561 2693 679 2750 urbium
693 2711 844 2750 summam
860 2692 952 2751 habet
967 2711 1071 2770 oppor-

186 2773 350 2832 tunitatem
362 2795 369 2847 3
389 2769 471 2848 'quod
483 2780 514 2831 et
524 2774 562 2830 ab
574 2773 711 2832 incendio
722 2773 800 2848 lapis
813 2779 845 2830 et
856 2775 895 2831 ab
906 2774 998 2831 ariete
1010 2791 1071 2830 ma
1086 2777 1123 2832 30

187 2854 264 2911 traria
278 2853 423 2923 defendit,
439 2872 505 2929 quae
520 2855 674 2929 perpetuis
685 2853 823 2911 trabibus
837 2854 930 2928 pedes
945 2855 1071 2929 quadra

186 2951 282 3008 genos
297 2934 472 3008 plerumque
487 2934 635 2992 introrsus
657 2935 793 2991 revincta
807 2951 903 3010 neque
918 2933 1071 3008 perrumpi

188 3032 254 3089 neqr
269 3033 285 3072 e
301 3013 432 3071 distrahi
446 3018 555 3089 potest.

227 3097 273 3152 24.
284 3115 288 3130 ·
299 3094 360 3152 His
374 3098 421 3151 tot
436 3094 525 3151 rebus
539 3093 688 3168 impedita
709 3093 943 3169 oppugnatione,
960 3092 1071 3150 milites

187 3193 256 3232 oum
273 3179 338 3232 toto
359 3179 494 3248 tempore
516 3174 627 3247 frigore
648 3179 679 3230 ct
701 3173 833 3230 assiduis
855 3173 1000 3229 imbribus
1014 3178 1073 3229 tar·
1086 3172 1121 3230 35

188 3255 340 3324 darentur,
357 3259 460 3310 tamen
482 3253 648 3311 continenti
670 3252 771 3313 labore
787 3253 888 3310 omnia
906 3251 969 3309 haec
984 3270 1070 3326 supe-

189 3339 343 3403 raverunt,
365 3339 397 3390 et
418 3333 524 3390 diebus
546 3333 801 3408 vigintiquinque
818 3331 1072 3406 aggeremlatum

187 3415 281 3489 pedes
302 3418 455 3471 trecentos
476 3419 508 3471 et
527 3413 664 3487 triginta,
688 3411 782 3468 altum
803 3411 895 3484 pedes
916 3410 1072 3484 octoginta

186 3498 404 3554 exstruxerunt
456 3494 534 3553 (lum
556 3494 582 3550 is
605 3508 722 3548 murum
746 3491 878 3548 hostium
900 3507 984 3563 paene
1005 3505 1062 3544 con
