2524 3776
481 300 596 348 11111
620 303 771 351 PRIMUS.
1070 288 1112 354 25

178 453 274 512 saluta
289 473 357 512 cum
376 472 412 512 eo
428 472 516 528 agere
537 454 648 512 liceret.
691 453 738 511 Ea
752 471 782 511 re
798 455 966 530 impetrata,
984 473 1050 514 sese

178 551 283 592 omues
303 534 409 592 flentes
434 534 547 593 Oaesari
569 535 606 591 ad
629 534 719 609 pedes
740 535 945 608 projecerunt:
968 541 1054 594 “non

179 615 278 671 minus
293 632 324 671 se
340 615 371 671 id
386 616 565 672 contendere
580 621 610 671 et
625 614 770 682 laborare,
787 631 823 670 ne
845 633 888 682 ea,
905 632 971 688 quae
993 616 1056 672 dix·

178 694 281 762 issent,
297 695 537 762 mundarentur,
553 711 643 768 quam
659 694 762 758 utica,
779 711 845 768 qum
863 694 982 763 vellent,
1000 695 1053 752 im-

178 779 347 848 petrarent;
381 780 538 850 propterea
565 774 654 848 quod,
684 773 710 830 si
739 774 933 830 enunciatum
962 780 1053 846 esset,
1090 776 1109 835 1

179 871 330 909 summum
345 854 376 910 in
391 855 595 911 cruciatnmse
606 858 749 910 venturos
763 853 929 910 viderent.’'
960 852 1052 911 Locu-

179 940 228 989 tus
249 938 297 990 est
316 952 371 1009 pro
393 933 441 990 his
464 933 635 990 Divitiacus
651 932 788 990 AEduus:
812 932 1055 992 Η(1111111111111

178 1013 324 1069 factiones
346 1031 411 1070 esse
437 1015 530 1070 duas:
560 1012 667 1069 barum
697 1012 822 1069 alterius
851 1012 1054 1087 principatum

177 1098 278 1148 tenere
291 1092 417 1162 AEduos,
431 1093 555 1150 alterius
568 1093 731 1148 Arvernos.
764 1091 805 1148 Hi
821 1109 887 1148 aum
899 1099 1054 1168 tantopere

177 1171 214 1228 de
223 1176 384 1245 potentatu
392 1173 471 1229 inter
480 1191 512 1228 se
524 1172 636 1228 multos
651 1188 745 1227 annos
761 1171 985 1240 contenderent,
997 1173 1055 1230 lae·
1076 1174 1111 1246 10

176 1254 242 1306 tum
270 1266 337 1307 esse
366 1249 410 1306 uti
440 1249 478 1306 ab
502 1249 651 1306 Arvernis
680 1248 888 1324 Sequanisque
912 1249 1057 1309 Germani

177 1330 312 1387 mercede
328 1334 556 1386 arcesserentur.
589 1328 707 1386 Horum
723 1328 820 1403 primo
831 1329 951 1387 circiter
973 1329 1058 1388 milia

176 1409 346 1484 quindecim
363 1408 505 1466 Rhenum
521 1409 686 1466 transisse:
707 1415 908 1484 posteaquam
924 1427 1013 1485 agros
1027 1415 1060 1466 et

176 1489 293 1546 cultum
314 1494 346 1546 et
368 1488 471 1562 copias
488 1488 644 1546 Gallorum
667 1487 804 1546 homines
819 1489 874 1546 feri
889 1507 924 1546 aa
938 1489 1060 1547 barbari

177 1570 381 1638 adamassem,
392 1569 587 1626 transductus
598 1569 717 1642 plures:
734 1587 813 1626 nunc
827 1587 894 1627 esse
911 1569 941 1626 11
958 1569 1059 1629 Gallia
1075 1569 1111 1625 15

177 1649 216 1706 ad
240 1655 361 1706 centum
381 1653 413 1705 et
436 1648 544 1722 viginti
583 1647 701 1705 milium
723 1666 898 1706 numerum:
921 1666 988 1707 cum
1011 1649 1059 1706 his

179 1727 296 1786 AElduos
310 1745 472 1803 eorumque
487 1729 612 1785 clientes
628 1727 721 1785 semel
737 1735 827 1803 atque
842 1730 952 1786 iterum
968 1728 1060 1786 armis

176 1809 384 1881 contendisse;
399 1826 542 1882 magnam
554 1807 759 1866 calamitatem
773 1810 879 1883 pulsos
896 1810 1057 1884 accepisse,

176 1906 297 1946 ornnem
318 1887 519 1956 nobilitatem,
536 1905 656 1944 omnem
678 1895 826 1958 senatum,
844 1907 964 1946 omnam
979 1890 1060 1964 equi-

176 1973 273 2026 tatum
297 1968 443 2025 amisisse.
489 1969 607 2040 Quibus
630 1968 745 2042 proeliis
769 1969 1057 2044 calamitatibusque
1075 1969 1111 2025 20

176 2048 297 2119 fractos,
313 2049 364 2123 qui
386 2054 418 2105 et
439 2064 495 2104 sua
510 2048 623 2105 virtute
648 2054 680 2104 et
709 2048 812 2122 populi
836 2049 970 2106 Romani
993 2049 1060 2106 hos·

174 2129 251 2204 pitia
268 2135 357 2203 atque
372 2127 507 2184 amicitia
531 2127 695 2201 plurimum
718 2134 788 2185 ante
811 2128 843 2184 in
860 2129 960 2187 Gallia
973 2135 1059 2203 potu-

176 2209 281 2277 issent,
294 2212 416 2266 coaotos
431 2224 498 2264 esse
516 2206 664 2282 Sequanis
679 2207 800 2264 obsides
816 2208 896 2279 dare,
908 2209 1057 2266 nobilissi-

176 2287 400 2357 1111111111111,
415 2292 446 2344 et
462 2287 657 2362 jurejurando
679 2287 834 2344 civitatem
857 2290 1054 2364 obstringere,

175 2386 242 2426 sese
267 2385 364 2442 neque
390 2367 513 2424 obsides
536 2367 729 2441 repetituros,
745 2385 841 2442 neque
865 2370 1011 2426 auxilium
1039 2374 1109 2446 125

172 2448 286 2524 populo
317 2449 458 2506 Romano
484 2447 707 2521 imploraturos,
731 2464 827 2521 neque
854 2457 1054 2520 recusaturos

173 2529 351 2604 quominus
372 2532 518 2602 perpetuo
541 2527 597 2584 sub
619 2526 740 2583 illorum
762 2527 876 2586 ditione
899 2535 989 2604 atque
1004 2529 1057 2585 111-

173 2609 258 2683 perio
272 2613 383 2666 essent.
427 2607 531 2690 Unum
547 2624 579 2664 se
593 2624 661 2663 esse
676 2624 713 2663 ex
728 2607 810 2664 omni
825 2608 948 2667 civitate
964 2609 1058 2666 11111-

173 2707 269 2758 orum,
282 2688 333 2763 qui
346 2687 454 2745 adduci
470 2704 530 2743 non
545 2686 686 2762 potuerit,
698 2692 733 2743 ut
742 2688 857 2760 juraret
876 2695 930 2747 aut
944 2689 1056 2746 liberos

173 2787 247 2827 suos
262 2768 383 2825 obsides
398 2768 492 2824 daret.
530 2766 577 2824 Ob
592 2783 660 2823 eam
675 2784 738 2823 rem
754 2784 786 2824 se
801 2785 838 2826 ex
852 2769 976 2827 civitate
991 2787 1057 2843 pro·
1070 2775 1108 2834 30

173 2849 289 2924 fugisse
322 2853 353 2905 et
375 2849 507 2906 Romam
530 2847 568 2903 ad
590 2851 730 2903 senatum
753 2848 874 2905 venisse
910 2849 1055 2906 auxilium

173 2929 370 3004 postulatum,
393 2928 474 3002 quod
503 2927 585 2984 salus
614 2944 710 3002 neque
734 2928 929 3001 jurejurando
959 2947 1054 3005 neque

172 3009 331 3067 obsidibus
356 3013 515 3066 teneretur.
561 3005 621 3065 Sed
643 3008 729 3080 pejus
752 3007 918 3066 victoribus
946 3009 1057 3084 Sequa·

176 3089 221 3146 nis
246 3106 337 3164 quam
360 3087 471 3145 AEduis
492 3087 582 3144 vietis
608 3087 770 3144 accidisse:
793 3094 953 3163 propterea
974 3089 1055 3164 quod

173 3168 358 3239 Ariovistus,
374 3185 428 3233 rex
443 3167 672 3237 Germanorum,
688 3167 719 3223 in
740 3185 842 3224 eorum
859 3168 967 3243 finibus
989 3187 1056 3226 aon·
1070 3171 1106 3228 et

172 3248 311 3319 sedisset,
327 3249 508 3322 tertiamque
522 3253 639 3322 partem
663 3247 727 3321 agri
751 3246 891 3322 Sequani,
908 3249 1055 3323 quiesset

172 3330 307 3405 optimus
335 3327 429 3386 totius
458 3327 574 3396 Galliae,
604 3327 822 3401 occupavisset,
852 3334 883 3385 et
911 3347 989 3386 nuno
1017 3329 1054 3386 dc

173 3410 269 3468 altera
282 3415 368 3485 parte
383 3407 474 3466 tertia
490 3407 646 3482 Sequanos
661 3407 803 3464 decedere
814 3409 949 3482 juberet3
970 3426 1057 3484 prop-

173 3497 255 3547 terea
272 3487 349 3562 quad
377 3487 481 3564 paucis
503 3487 658 3544 mensibus
681 3493 750 3543 ante
777 3487 936 3544 Harudum
971 3489 1056 3545 milia
