2524 3776
459 299 573 348 mane
596 301 751 351 paruus.
1025 285 1067 350 st

133 455 254 508 nestros
270 448 343 507 fines
365 449 509 526 impetum
524 451 643 521 faceret,
661 450 703 508 sie
723 451 790 510 item
813 465 866 509 nos
880 467 946 509 esse
963 451 1015 507 ini·

132 547 218 604 quoe,
234 529 284 605 qui
299 529 330 586 in
345 547 400 587 suo
417 532 483 604 jure
498 548 530 588 se
545 531 810 606 interpellaremus.
856 531 944 603 Quod
959 531 1016 588 fra·

133 614 195 665 tres
211 627 229 666 a
253 616 362 667 senatu
375 608 495 668 AEduos
510 610 680 686 appellatos
694 611 814 680 diceret,
826 628 886 667 non
902 627 933 667 se
949 617 1013 667 tam

133 688 298 746 barbarum
324 707 418 763 neque
433 696 496 746 tam
512 691 684 765 imperitum
698 707 765 748 esse
780 707 889 760 rerum,
905 697 938 747 ut
953 707 1013 747 nen

133 768 232 838 sciret,
248 786 344 844 neque
360 769 437 826 bello
452 770 654 846 Allobrogum
668 769 805 846 proximo
818 769 937 827 AEduos
954 769 1014 828 Ito·
1046 771 1065 829 5

132 849 234 906 mauis
249 849 393 906 auxilium
409 849 524 920 tulisse,
534 867 631 925 neque
645 850 728 925 ipsos
743 849 774 906 in
788 849 835 907 his
850 849 1014 908 eontentio·

132 929 233 1000 nibus
248 945 325 1004 quas
345 927 439 986 AEdni
460 947 565 996 seeum¹
582 937 613 988 et
634 948 703 988 eum
725 928 874 1005 Sequanis
895 928 1015 1000 habuis-

133 1013 210 1077 sent,
228 1008 342 1065 anxilio
364 1009 466 1084 populi
483 1010 616 1067 Romani
631 1027 703 1068 usos
722 1027 798 1068 esse.
843 1009 959 1067 Debere
981 1027 1013 1066 se

133 1088 292 1164 suspicari,
308 1088 451 1146 simulata
472 1089 623 1149 Caesarem
645 1089 788 1161 amicitia,
804 1089 884 1165 qnod
905 1088 1013 1146 exerei-

132 1173 200 1225 tum
221 1168 254 1224 in
270 1167 370 1228 Gallia
384 1167 503 1239 hebeat,
520 1170 567 1228 sui
583 1169 769 1246 opprimendi
786 1187 878 1227 eausa
893 1169 1010 1226 hebere.
1028 1170 1065 1226 10

134 1246 193 1321 Qui
215 1248 275 1304 nisi
299 1248 427 1306 decedat
455 1256 544 1324 atque
570 1250 735 1308 exereitum
757 1250 886 1307 deducat
907 1266 944 1306 ex
966 1248 1012 1306 his

132 1328 318 1402 regionibus,
335 1345 400 1386 sese
422 1328 506 1386 iilum
521 1347 581 1386 nen
596 1347 650 1404 pro
666 1329 771 1398 amice,
789 1328 842 1386 sed
856 1346 910 1404 pro
925 1328 1012 1386 hoste

133 1406 325 1465 habiturum:
356 1408 435 1482 quod
461 1409 485 1465 si
509 1426 577 1466 eum
603 1409 793 1479 interfecerit,
818 1409 922 1466 multis
947 1425 1012 1466 sese

134 1487 286 1544 nobilibus
300 1487 544 1563 principibusque
558 1488 661 1565 popuii
671 1488 802 1546 Romani
813 1494 932 1563 gratum
946 1505 1013 1546 esse

133 1567 303 1641 iacturum3
326 1567 357 1625 id
371 1585 403 1625 se
419 1568 458 1625 ab
474 1568 548 1643 ipsis
561 1586 614 1645 per
628 1585 730 1626 eorum
745 1567 871 1626 nuncies
882 1585 1014 1642 comper·
1029 1569 1063 1624 15

132 1651 199 1703 tum
222 1646 341 1717 habere,
357 1666 483 1723 quornm
506 1648 639 1705 omnium
661 1649 792 1723 gratiam
809 1654 898 1723 etque
914 1649 1015 1705 amiei-

133 1727 208 1783 tiam
222 1729 287 1801 ejus
302 1735 397 1785 morte
412 1728 557 1785 redimere
571 1734 682 1804 posset.
726 1728 814 1801 Quod
830 1729 856 1785 si
871 1728 1015 1785 decessis-

133 1811 181 1864 set
205 1825 240 1864 ae
255 1807 381 1864 liberam
395 1808 617 1883 possessionem
633 1807 739 1867 Galiiae
755 1808 812 1865 sibi
828 1807 1012 1878 tradidisset,

133 1904 246 1962 magno
261 1904 294 1944 se
309 1887 393 1944 iilum
405 1888 529 1962 praemio
541 1893 808 1956 remuneraturum,
823 1895 855 1945 et
869 1905 1014 1962 quaecum·

132 1985 189 2041 que
205 1966 284 2024 bella
299 1967 362 2042 geri
378 1968 478 2038 vellet,
489 1968 553 2026 sine
566 1968 626 2025 ullo
642 1969 705 2042 eJ'us
720 1966 821 2026 labore
837 1975 867 2024 et
881 1967 1012 2042 periculo
1028 1969 1065 2026 20

133 2047 369 2104 confecturum.'’

173 2130 220 2185 45.
244 2126 345 2184 Multa
373 2127 411 2183 ab
434 2125 554 2185 Caesare
580 2126 612 2182 in
637 2144 705 2183 eam
726 2127 909 2184 sententiam
931 2127 1013 2184 dieta

132 2212 213 2273 sunt,
229 2223 322 2282 quare
338 2207 461 2281 negotio
476 2207 623 2264 desistere
640 2223 699 2264 nou
719 2211 833 2281 posset,
848 2212 880 2264 et
917 2225 1013 2282 neque

133 2302 220 2343 suam
242 2304 339 2360 neque
359 2286 462 2362 populi
476 2287 608 2344 Romani
623 2287 869 2344 consuetudinem
883 2286 956 2361 peti,
969 2287 1013 2343 uti

134 2365 247 2439 optime
263 2373 413 2424 merentes
425 2367 523 2424 sorios
534 2367 701 2424 desereret:
717 2384 813 2440 neque
825 2383 857 2423 se
877 2365 1012 2441 judicare
1029 2366 1065 2424 25

135 2444 266 2502 Gallium
296 2445 397 2520 petius
425 2463 491 2503 esse
514 2445 673 2518 Ariovisti,
702 2463 791 2521 quem
823 2445 925 2520 populi
955 2445 1015 2502 Ro·

134 2525 225 2583 mani.
257 2525 341 2582 Belia
357 2532 514 2601 superatos
529 2544 595 2583 esse
607 2525 764 2583 Arvernos
778 2530 809 2582 et
821 2525 960 2582 Rutenos
976 2525 1014 2582 ab

135 2605 169 2678 Q.
185 2604 282 2662 Fabio
304 2605 448 2674 Maximo,
470 2605 579 2680 quibus
600 2605 730 2680 populus
751 2606 910 2663 Romanus
932 2604 1016 2680 igne·

134 2685 239 2754 visset,
262 2702 358 2760 neque
379 2685 411 2741 in
432 2685 617 2761 provinciam
639 2685 826 2759 redegisset3
847 2702 943 2760 neque
965 2684 1015 2742 sti·

134 2764 278 2839 pendium
313 2765 515 2839 imposuisset.
579 2765 667 2838 Quod
703 2765 729 2822 si
767 2764 1012 2838 antiquissimum
1028 2766 1066 2824 30

135 2844 274 2919 quodque
294 2849 415 2919 tempus
436 2844 565 2918 spectari
588 2849 747 2920 oporteret,
762 2844 866 2919 populi
882 2837 1015 2902 Romani

135 2924 340 2998 justissimum
362 2921 481 2981 esseio
503 2924 605 2984 Gallia
625 2924 802 2998 imperium:
824 2923 850 2980 si
867 2923 1015 2998 judicium

134 3011 260 3060 senatus
289 3003 443 3061 observari
471 3009 630 3078 oporteret,
655 3005 782 3061 liberam
808 3003 916 3061 debere
944 3021 1012 3061 esse

136 3082 277 3154 Galliam,
298 3100 390 3160 quam
411 3083 491 3141 bello
513 3084 624 3142 vietam
648 3083 710 3142 suis
738 3083 857 3158 legibus
885 3083 931 3141 uti
955 3083 1016 3141 vol-

30 3236 38 3249 ·
135 3163 235 3220 uisset.
1030 3163 1066 3221 35

173 3245 219 3301 16.
245 3242 327 3299 Dum
349 3241 412 3300 haee
426 3242 458 3300 in
472 3242 622 3318 colloquio
638 3247 791 3318 geruntur,
809 3241 922 3301 Oaesari
939 3259 1013 3298 nun·
1090 3247 1099 3264 ’

135 3321 245 3380 eiatum
261 3328 309 3380 est
332 3323 450 3397 equites
465 3323 613 3380 Ariovisti
630 3323 753 3397 propius
767 3321 918 3379 tumulum
934 3339 1012 3379 acoe-

135 3401 202 3460 dere
228 3401 322 3460 etad
347 3409 469 3460 nostros
493 3402 678 3476 adequitare,
694 3401 813 3476 lapides
836 3401 955 3475 telaque
982 3402 1013 3458 iu

136 3488 255 3540 uestros
269 3482 422 3558 eonjieere.
461 3481 563 3542 Oresar
576 3481 718 3559 loquendi
734 3481 822 3538 finem
837 3480 909 3538 feeit
924 3497 1013 3554 seque
