2548 3774
478 297 592 344 monn
617 297 791 354 obruuus.
1045 280 1106 343 119

179 453 268 523 utque
284 447 444 518 interdicit,
459 447 628 524 proterritis
649 448 785 505 hostibus
803 454 891 525 utque
907 447 937 504 in
952 446 1055 521 iugem

179 527 321 601 conjectis
347 527 441 603 (quod
467 528 536 597 fore,
559 528 635 585 sieut
660 528 776 597 oceidit,
793 528 939 598 videbat),
962 544 1053 583 unum

180 624 283 664 omnes
297 613 434 682 peterent
446 606 685 664 indutiomarum
696 628 703 680 3
725 625 783 664 neu
792 609 859 682 quis
871 624 958 682 quoni
973 606 1056 682 prius

180 686 325 755 vulneret,
341 704 430 761 quam
447 687 530 743 illurn
546 681 735 744 interiectum
750 687 866 756 viderit,
879 687 957 762 quod
972 703 1056 743 moro

179 765 360 840 reliquorum
375 766 506 841 spatium
528 773 649 823 nactum
672 767 755 823 illum
770 767 900 842 effugere
915 766 1052 824 nolebat:
1088 765 1106 820 5

179 863 292 920 magna
319 847 458 921 proponit
482 846 527 915 iis,
550 846 600 920 qui
627 846 797 916 occiderint,
823 846 960 923 praenriu:
988 846 1056 903 sub

180 925 275 983 mittit
284 925 423 983 cobortes
434 925 585 1000 equitibus
595 925 736 983 subsidio.
769 925 952 1001 Comprobat
963 925 1058 982 homi·

180 1005 227 1061 nis
241 1004 399 1062 eonsilium
416 1005 553 1078 fortuuu3
574 1013 680 1062 etcum
692 1023 784 1062 unum
796 1023 900 1063 omnes
911 1011 1055 1080 peterent,

180 1083 212 1140 in
240 1085 306 1159 ipso
335 1083 464 1142 fluminis
493 1085 571 1142 vodo
599 1084 802 1159 deprehensus
832 1085 1056 1143 Indutiomarus

180 1163 356 1222 interficitur
371 1169 517 1240 caputque
532 1166 596 1238 ejus
610 1165 736 1222 refertur
750 1164 782 1221 in
793 1171 912 1222 eastra:
934 1164 1057 1222 redeun-
1074 1166 1108 1223 10

179 1248 226 1300 tes
247 1243 373 1319 equites,
390 1260 465 1318 quos
487 1250 622 1318 possunt,
639 1250 852 1301 consectentur
873 1250 962 1319 atque
983 1244 1056 1302 oeci·

181 1322 263 1382 dunt.
306 1321 376 1380 Hac
390 1340 421 1379 re
436 1324 558 1397 cognitu
579 1341 683 1380 onrnes
698 1323 872 1381 Eburonum
887 1330 918 1381 et
933 1323 1057 1381 Nervio-

180 1420 254 1472 runr,
277 1421 343 1477 quae
365 1409 575 1473 convenerant,
598 1403 689 1478 oopioe
711 1403 884 1475 discedunt3
909 1403 1056 1479 pauloque

181 1481 286 1541 babuit
300 1487 371 1560 post
385 1481 415 1540 id
430 1483 543 1540 suetum
560 1481 663 1542 caesar
676 1482 852 1560 quietiorem
868 1481 1007 1543 Gellium.
