2524 3776
460 309 571 357 ursan
595 309 802 358 succursus.
1054 292 1094 360 61

166 475 217 516 sus
242 458 421 516 resistentes
449 457 562 528 hostes
584 459 791 534 redintegrato
811 457 926 533 proelio,
947 457 978 516 in
1000 457 1046 516 fu-

166 555 236 611 gam
259 539 456 612 conjecerunt.
499 538 577 596 Item
599 538 710 606 alinin
731 544 816 614 parte
836 539 962 596 diversae
977 538 1044 596 duee

164 617 309 692 legiones,
325 618 485 676 undecima
506 623 537 675 et
558 625 676 688 octava,
691 617 860 694 profligatis
878 618 1045 676 Veroman·

164 696 243 766 duis,
259 697 438 772 quibuscum
460 702 547 754 erant
565 698 730 772 congressi,
745 715 783 756 ex
803 696 868 755 loco
890 698 1042 774 superiore

163 775 195 832 in
217 777 293 852 ipsis
314 776 446 834 fluminis
461 777 534 852 ripis
555 777 778 852 preliabantur.
821 777 867 836 At
886 779 961 835 totis
982 777 1043 835 fere
1077 780 1096 836 5

162 872 182 913 a
202 856 299 913 fronte
320 862 351 914 et
371 857 409 913 ab
431 856 557 914 sinistra
576 862 662 932 parte
687 857 811 915 nudatis
834 858 951 928 cestrie,
974 874 1042 915 cum

162 935 194 993 in
220 936 325 993 dextro
353 953 447 994 corun
471 935 551 1011 legio
576 936 755 995 duodecima
786 942 818 994 et
843 954 903 994 non
930 954 1043 1012 magno

161 1015 202 1072 ab
216 1033 253 1072 ea
271 1015 430 1073 intervallo
452 1016 582 1090 septima
602 1017 800 1086 constitisset,
816 1033 921 1074 omnes
936 1016 1042 1074 Nervii

161 1095 385 1152 confertissimo
406 1096 537 1170 agmine,
559 1095 633 1154 duce
655 1096 866 1171 Boduognato,
889 1096 940 1172 qui
964 1113 1045 1154 sum-

162 1192 245 1231 mam
266 1175 384 1250 imperii
404 1175 536 1244 tenebat,
553 1175 591 1233 ad
606 1193 674 1232 curn
689 1175 788 1233 locum
803 1176 1040 1234 contenderunt:
1059 1178 1094 1236 10

161 1271 290 1329 quorum
313 1271 384 1330 pers
406 1261 510 1330 aperto
533 1254 627 1312 latere
655 1255 791 1330 legiones
814 1256 1041 1327 circumvenire,

161 1351 232 1410 pars
247 1351 399 1391 summum
414 1341 581 1391 castrorum
596 1335 695 1392 locum
710 1340 810 1411 petere
835 1335 933 1411 coepit.

201 1416 248 1472 24.
270 1413 387 1471 Eodem
402 1418 535 1489 tempore
547 1415 665 1488 equites
680 1415 776 1472 nostri
798 1415 934 1490 levisque
947 1431 1043 1472 arma-

160 1497 235 1550 turae
257 1493 384 1568 pedites,
399 1493 452 1568 qui
473 1511 540 1550 eum
562 1493 600 1551 iis
622 1511 683 1550 una
701 1493 829 1565 fuerunt,
846 1512 922 1570 quos
942 1495 1040 1570 primo

160 1572 295 1629 hostium
318 1573 433 1648 impetu
454 1573 559 1649 pulsos
582 1574 724 1643 dixeram,
740 1592 807 1631 curn
831 1591 863 1631 se
886 1575 917 1631 in
939 1579 1041 1632 castra
1057 1575 1092 1632 15

160 1653 334 1728 reciperent,
351 1653 486 1710 adversis
508 1653 649 1710 hostibus
664 1655 860 1711 occurrebant
884 1672 919 1711 ac
933 1670 1039 1712 rursus

161 1731 252 1788 aliam
268 1732 300 1788 in
313 1737 430 1807 partem
445 1732 550 1806 fugam
564 1723 724 1808 petebant:
746 1739 777 1791 et
790 1733 919 1803 calones,
934 1734 986 1808 qui
1001 1733 1040 1790 ab

159 1811 328 1869 decumana
342 1817 430 1887 porta
455 1831 489 1870 ac
505 1829 624 1870 summo
640 1814 716 1887 jugo
735 1813 820 1870 collis
845 1818 966 1870 nostros
980 1814 1041 1871 vic·

160 1896 242 1948 tores
257 1890 367 1948 flumen
382 1892 528 1949 transisse
540 1897 768 1966 conspexerant,
780 1893 933 1968 praedandi
946 1910 1039 1950 causa

159 1970 284 2045 egressi,
300 1989 368 2028 curn
382 1972 587 2048 respexissent
601 1978 632 2028 et
647 1971 750 2030 hostes
762 1973 792 2029 in
806 1973 918 2030 nostris
930 1973 1039 2030 castris
1054 1975 1091 2032 20

158 2051 274 2107 versari
290 2051 446 2121 vidissent,
461 2052 630 2127 praecipites
652 2051 731 2125 fugae
754 2069 820 2109 sese
841 2052 1036 2112 mandabant.

160 2128 257 2187 Simul
272 2147 383 2200 eorum,
400 2131 535 2206 quicum
554 2131 779 2207 impedimentis
795 2132 965 2203 veniebant,
981 2132 1039 2190 cla-

158 2226 225 2266 mor
239 2209 436 2286 fremitusque
458 2211 618 2281 oriebatur,
634 2211 745 2287 aliique
762 2211 853 2268 aliam
873 2212 905 2268 in
918 2217 1037 2286 partem

159 2290 309 2362 perterriti
330 2289 510 2348 ferebantur.
554 2291 671 2363 Quibus
699 2292 840 2349 omnibus
865 2291 954 2349 rebus
974 2309 1039 2367 per-

157 2369 233 2426 moti
256 2369 373 2444 equites
393 2370 520 2440 Treviri,
535 2387 662 2446 quorum
685 2371 764 2428 inter
787 2370 892 2429 Gallos
913 2371 1037 2429 virtutis
1052 2372 1088 2431 25

158 2449 260 2524 opinio
280 2456 328 2507 est
348 2451 522 2525 singularis,
539 2450 590 2525 qui
612 2451 716 2507 auxilii
738 2468 831 2509 causa
852 2451 891 2507 ab
912 2451 1036 2508 civitate

71 2565 77 2574 ·
158 2528 197 2585 ad
220 2528 371 2586 Caesarem
393 2530 479 2587 missi
494 2535 648 2599 venerant,
664 2548 732 2588 cum
753 2530 948 2588 multitudine
970 2530 1037 2588 hos·

156 2607 234 2664 tium
250 2615 350 2666 castra
364 2616 470 2667 nostra
484 2608 637 2684 compleri,
650 2609 785 2685 legiones
799 2611 894 2684 premi
906 2615 937 2666 et
950 2629 1035 2686 paene

156 2687 380 2746 circumventas
408 2689 513 2759 teneri,
542 2689 672 2759 calones,
702 2691 829 2765 equites,
858 2689 1034 2760 funditores

156 2765 317 2837 Numidas,
341 2769 478 2827 diversos
501 2769 726 2844 dissipatosque
751 2770 783 2826 in
806 2787 911 2826 omnes
931 2776 1035 2844 partos
1050 2773 1087 2830 30

156 2845 260 2920 fugere
283 2849 440 2919 vidissent,
464 2849 633 2924 desperatis
654 2849 767 2906 nostris
788 2849 878 2906 rebus
910 2849 1033 2906 domum

155 2928 392 2986 contenderunt:
415 2929 572 2986 Romanos
593 2929 697 3005 pulsos
723 2934 949 3005 superatosque,
972 2947 1034 2986 cas·

154 3006 212 3063 tris
227 3007 511 3084 impedimentisque
532 3026 635 3066 eorum
651 3007 756 3066 hostes
776 3009 890 3084 potitos
915 3009 1032 3068 civitati

85 3113 89 3120 ·
154 3087 417 3144 renunciaverunt.

195 3168 241 3224 25.
266 3166 369 3224 Oaesar
397 3167 433 3224 ab
456 3167 578 3225 decima
606 3167 734 3242 legionis
759 3166 965 3226 cohortatione
994 3167 1032 3226 ad
1048 3167 1084 3226 35

154 3243 294 3303 dextrum
310 3264 402 3304 cornu
416 3248 577 3322 profectus
595 3247 645 3304 ubi
661 3265 733 3304 suos
750 3249 850 3322 urgeri
876 3248 1032 3322 signisque

153 3323 184 3381 in
207 3343 301 3383 unum
324 3327 421 3384 locum
444 3326 563 3384 collatis
578 3327 762 3384 duodecimae
777 3327 905 3401 legionis
921 3328 1033 3384 confer-

152 3407 201 3462 tos
216 3406 330 3464 milites
346 3405 402 3464 sibi
418 3407 500 3481 ipsos
524 3407 561 3464 ad
583 3425 716 3482 pugnarn
733 3425 800 3464 esse
816 3407 1031 3481 impedimento

152 3484 244 3560 vidit3
256 3492 371 3562 quartae
383 3485 515 3544 cohortis
527 3487 667 3544 omnibus
678 3487 903 3545 centurionibus
923 3485 1030 3543 occisis
