2524 3776
304 773 384 856 Du
423 770 626 858 BELLO
668 773 970 860 GALLIGO.

551 990 765 1031 -οοὲοζοο-

478 1131 683 1237 LIBER
723 1146 797 1236 ll.

261 1338 285 1396 1.
310 1337 387 1396 Cum
398 1344 480 1397 esset
492 1339 595 1400 Oaesar
605 1339 637 1396 in
648 1339 786 1398 citeriore
799 1336 900 1396 Gallia
911 1337 943 1394 in
954 1336 1098 1410 hibernis,

218 1416 262 1473 ita
277 1417 322 1474 uti
338 1435 429 1494 supra
443 1419 731 1490 demonstravimus,
747 1417 842 1476 crebri
864 1417 902 1475 ad
919 1435 988 1475 eum
1003 1435 1098 1475 rumo·

218 1513 266 1554 res
286 1497 486 1556 afferebantur
509 1500 677 1574 litterisque
695 1499 767 1555 item
786 1497 913 1554 Labieni
930 1497 1037 1556 certior
1053 1497 1099 1555 fle·

219 1575 280 1648 bat,
290 1594 395 1636 omncs
409 1579 531 1654 Belgas,
543 1597 634 1655 quam
646 1578 767 1636 tertiam
779 1594 846 1635 esse
862 1576 968 1636 Galliae
981 1583 1098 1653 partem

185 1656 399 1732 5dixeramu8,
430 1666 535 1717 contra
561 1659 705 1735 populum
733 1659 907 1715 Romanum
943 1659 1098 1731 conjurare

219 1737 397 1814 obsidesque
408 1739 486 1797 inter
497 1756 529 1796 se
538 1739 609 1796 dare
620 1760 627 1796 :
649 1737 823 1812 conjurandi
834 1737 889 1794 hes
898 1754 964 1793 esse
973 1754 1098 1795 causas:

217 1817 356 1891 primum,
378 1819 458 1894 qued
479 1825 660 1888 vererentur,
683 1835 720 1875 ue
749 1818 831 1874 omni
859 1822 968 1892 pacata
1000 1815 1098 1874 Gellia

220 1895 259 1952 ad
279 1914 332 1954 eos
352 1899 502 1956 exercitus
523 1905 626 1956 nester
647 1899 861 1955 adduceretur:
885 1896 1001 1967 deinde,
1017 1896 1097 1972 quod

217 1975 256 2032 ab
280 1977 433 2034 nonnullis
458 1978 554 2036 Gallis
580 1978 821 2049 sollicitarentur,
846 1977 957 2053 partim
980 1976 1040 2052 qui,
1063 1982 1098 2034 ut

167 2054 201 2113 lo
218 2053 385 2114 Germanos
408 2058 523 2116 diutius
546 2059 577 2115 in
600 2058 700 2117 Gellia
725 2057 838 2115 versari
861 2057 1028 2126 noluerant,
1053 2056 1097 2114 ita

215 2135 318 2210 populi
347 2137 479 2194 Romani
508 2139 672 2195 exercitum
701 2137 834 2195 hiemare
864 2142 953 2212 atque
985 2135 1097 2194 invete-

215 2230 331 2272 rascere
354 2216 384 2272 in
408 2217 507 2276 Gallia
528 2217 655 2275 moleste
670 2218 825 2290 ferebant3
846 2218 956 2292 partim
971 2215 1022 2291 qui
1037 2233 1097 2273 mo-

215 2293 334 2352 bilitate
355 2302 386 2352 et
400 2296 525 2354 levitate
541 2297 634 2354 animi
656 2297 745 2355 nevis
759 2297 893 2373 imperiis
915 2296 1095 2354 studebant:

215 2373 254 2430 ab
275 2376 428 2432 nonnullis
449 2377 549 2446 etiam,
566 2378 645 2453 quod
667 2378 698 2434 in
720 2376 820 2436 Gallia
841 2376 1095 2452 apotentioribus

163 2453 199 2511 15
214 2458 304 2529 atque
326 2455 382 2525 his,
405 2457 456 2530 qui
477 2456 515 2513 ad
536 2458 748 2514 conducendos
773 2456 911 2514 homines
934 2455 1095 2514 facultates

214 2532 374 2606 habebant,
405 2535 498 2610 vulgo
526 2553 621 2611 regnu
648 2537 880 2612 occupabantur,
909 2537 960 2612 qui
993 2537 1095 2593 minus

214 2612 301 2671 facile
315 2632 383 2671 eam
398 2632 462 2673 rem
477 2616 602 2692 imperio
617 2623 721 2674 nostro
738 2617 881 2692 consequi
895 2622 1044 2692 poterant.

254 2695 278 2751 ἓ.
303 2694 362 2752 His
380 2696 500 2754 nunciis
519 2697 688 2772 litterisque
705 2703 875 2754 commotus
901 2696 1004 2754 Oaesar
1018 2696 1094 2754 duas

212 2770 348 2847 legiones
373 2775 405 2832 in
432 2776 569 2834 citeriore
598 2777 698 2835 Gallia
725 2794 821 2835 novas
852 2775 1039 2852 conscripsit,
1063 2781 1096 2834 et

149 2851 197 2910 20
212 2852 288 2910 inita
316 2861 431 2925 aestate,
450 2857 480 2913 in
502 2857 675 2914 interiorem
697 2856 827 2915 Galliam
849 2857 901 2932 qui
923 2857 1094 2922 deduceret,

214 2932 362 3004 Quintum
376 2935 503 2993 Pedium
515 2936 651 3011 legatum
662 2937 754 2994 misit.
791 2937 871 3012 Ipse,
882 2954 950 2994 cum
961 2936 1094 3012 primum

211 3013 314 3087 pabuli
330 3015 415 3089 copia
430 3032 496 3072 esse
520 3017 672 3091 inciperet,
686 3017 723 3074 ad
738 3017 904 3073 exercitum
919 3016 1017 3074 venit:
1039 3016 1094 3073 dat

212 3093 367 3165 negotium
390 3093 561 3152 Senonibus
575 3096 756 3172 reliquisque
779 3096 885 3167 Gallis,
902 3096 953 3171 qui
974 3095 1095 3153 finitimi

144 3170 146 3174 ’
211 3170 317 3246 Belgis
331 3180 426 3242 erant,
442 3174 488 3231 uti
502 3193 546 3244 ea,
558 3194 623 3251 quae
640 3177 719 3252 apud
734 3193 787 3233 ecs
802 3182 954 3250 gerantur,
967 3193 1094 3250 cognos-

159 3250 195 3309 25
211 3258 282 3309 cant
303 3269 394 3327 seque
410 3253 447 3310 de
463 3253 511 3311 his
526 3256 616 3312 rebus
631 3257 788 3313 certiorem
804 3257 924 3314 faciant.
969 3255 1011 3313 Hi
1027 3273 1094 3313 con-

211 3335 328 3388 stanter
342 3350 447 3390 omnes
462 3335 691 3406 nunciaverunt,
707 3354 817 3394 manus
832 3337 910 3411 cogi,
926 3335 1092 3393 exercitum

210 3408 241 3465 in
267 3427 361 3467 unum
388 3411 488 3469 locum
516 3415 650 3472 conduci.
694 3415 771 3472 Tum
795 3433 866 3472 vero
892 3415 1092 3473 dubitandum

209 3503 270 3545 nou
297 3489 494 3562 existimavit,
517 3493 589 3568 quin
615 3494 654 3552 ad
681 3512 734 3552 eos
755 3495 1000 3570 proficisceretur.
1044 3493 1092 3552 Re
