2524 3776
454 305 568 372 urnas
593 325 745 372 narnus.
1022 310 1064 375 29

131 494 240 553 umque
262 475 425 552 quotannis
446 476 628 550 penderent:
660 475 686 532 si
714 474 744 531 id
774 493 833 533 non
861 476 1011 550 fecissent,

130 557 220 632 longe
243 557 280 614 iis
302 556 467 612 fraternum
489 573 597 612 nomen
620 555 722 630 populi
745 556 877 612 Romani
896 556 1012 613 ablutu-

132 654 207 694 rum.
252 635 340 710 Quod
362 634 420 692 sibi
437 635 538 694 Caesar
559 636 755 692 denunciaret
786 653 817 692 sa
840 635 1010 693 AEduorum

130 716 256 790 injurias
271 733 331 774 non
346 715 571 790 neglecturum
593 715 743 772 neminem
759 732 860 772 secum
876 715 940 773 sine
955 733 1011 773 sua

129 796 261 870 pernicie
290 796 489 854 contendisse.
534 794 611 852 Cum
641 794 739 864 vellet,
762 795 1010 870 congrederetur3
1045 799 1062 856 5

129 877 364 946 intellecturum,
380 875 453 950 qnid
475 875 580 932 invicti
598 872 750 944 Germani,
766 875 1009 933 exercitatissimi

129 956 159 1014 in
181 957 283 1027 armis,
299 955 351 1032 qui
373 955 453 1012 inter
467 972 563 1012 annos
578 954 806 1029 quatuordecim
820 961 936 1013 tectum
950 973 1010 1014 non

129 1036 294 1105 subissent,
311 1036 425 1093 virtute
439 1035 593 1110 possent.”

172 1117 218 1177 37.
244 1115 319 1174 Haec
340 1116 445 1173 codem
467 1120 602 1189 tempore
619 1112 732 1172 Oaesari
748 1115 893 1172 mandata
906 1114 1011 1173 refere-

130 1195 243 1253 bantur
266 1201 298 1254 et
312 1195 406 1270 legati
422 1195 459 1252 ab
474 1193 586 1252 AEduis
601 1199 632 1251 et
647 1211 665 1250 a
679 1194 813 1252 Treviris
828 1195 1008 1254 veniebant:
1026 1195 1060 1252 10

128 1273 224 1332 AEdui
238 1281 389 1351 questum,
401 1274 481 1350 quod
496 1273 645 1344 Harudes,
657 1275 709 1349 qui
724 1291 819 1349 nuper
832 1275 863 1332 in
879 1274 1008 1334 Galliam

128 1355 330 1431 transportati
344 1360 455 1425 essent,
471 1355 545 1411 fines
566 1371 669 1411 eorum
684 1355 921 1430 popularentur3
943 1372 1011 1412 sese

128 1451 166 1492 ne
182 1435 339 1493 obsidibus
354 1435 475 1510 quidem
487 1435 568 1492 datis
581 1452 688 1510 pacem
699 1435 848 1492 Ariovisti
863 1435 1008 1493 redimere

127 1516 283 1590 potuisse:
306 1515 423 1572 Treviri
446 1519 556 1584 autem,
578 1532 675 1590 pagos
696 1519 817 1572 centum
839 1513 1008 1572 Suevorum

128 1595 167 1653 ad
189 1596 272 1671 ripas
297 1595 399 1653 Rheni
424 1595 605 1664 consedisse,
628 1595 680 1670 qui
709 1593 851 1652 Rhenum
880 1595 1007 1653 transire
1026 1595 1059 1652 lb

129 1681 329 1749 conarentur;
350 1675 387 1732 iis
409 1692 537 1749 praeesse
553 1674 690 1732 Nasuam
705 1680 736 1732 et
752 1674 937 1734 Cimberium
951 1675 1007 1732 fra·

128 1760 198 1814 tres,
243 1757 361 1828 Quibus
383 1755 471 1812 rebus
490 1754 592 1813 Oaesar
610 1755 804 1812 vehementer
838 1761 1008 1812 commotus

76 1894 86 1912 .
127 1836 344 1892 maturandum
356 1835 415 1893 sibi
424 1835 619 1904 existimavit,
628 1853 674 1904 ne,
685 1835 711 1892 si
726 1852 806 1892 nova
818 1851 926 1892 manus
937 1833 1008 1892 Sue-

128 1931 235 1972 vorum
250 1933 318 1973 cum
334 1915 488 1973 veteribus
509 1915 604 1990 copiis
619 1915 770 1972 Ariovisti
786 1931 852 1972 sese
867 1915 1008 1989 conjunx-

127 1994 211 2065 isset,
226 1997 327 2052 minus
342 1995 427 2052 facile
442 1995 543 2053 resisti
556 2002 668 2070 posset.
711 1995 819 2069 ltaque
834 2012 865 2051 re
881 1994 1008 2052 frumen·
1022 1995 1059 2052 20

127 2075 207 2132 toria
241 2093 331 2150 quam
359 2071 514 2133 'celerrime
545 2075 646 2149 potuit
678 2081 862 2151 comparata,
885 2075 1007 2150 magnis

126 2153 288 2212 itineribus
310 2155 349 2212 ad
365 2155 555 2212 Ariovistum
578 2154 741 2212 contendit.

167 2238 213 2292 38.
239 2234 317 2294 Cum
332 2235 426 2293 tridui
442 2235 523 2291 viam
544 2235 749 2310 processisset,
765 2233 943 2292 nunciatum
957 2239 1007 2291 est

126 2314 154 2370 ei
174 2315 369 2372 Ariovistum
385 2333 452 2372 cum
468 2314 531 2371 suis
546 2315 685 2372 omnibus
697 2314 792 2390 copiis
808 2313 846 2370 ad
861 2331 1007 2388 occupan-

127 2393 201 2450 dum
217 2394 445 2463 Vesontionem,
458 2395 537 2469 quod
552 2401 599 2451 est
614 2394 757 2470 oppidum
773 2393 940 2451 maximum
957 2392 1007 2452 Se·
1022 2394 1058 2450 25

127 2490 306 2549 quanorum,
319 2475 507 2544 contendere,
517 2475 670 2548 triduique
687 2474 769 2531 viam
785 2491 803 2530 a
817 2474 881 2530 suis
896 2473 1006 2530 finibus

126 2555 297 2628 profecisse.
342 2554 377 2611 Id
400 2571 437 2611 ne
459 2554 614 2618 accideret.
637 2570 819 2629 magnopere
848 2554 907 2611 sibi
934 2571 1006 2629 pra·

126 2634 296 2692 cavendum
327 2633 429 2692 Oaesar
463 2634 675 2691 existimabat:
710 2651 840 2708 namque
872 2633 1006 2690 omnium

124 2731 235 2784 rerum,
252 2731 317 2789 quac
334 2713 372 2770 ad
389 2713 501 2771 bellum
516 2713 585 2771 usui
600 2719 694 2784 crant,
711 2731 830 2771 summa
844 2719 909 2770 crat
924 2713 955 2770 in
969 2730 1005 2770 eo

125 2793 240 2870 oppido
256 2793 403 2867 facultas;
425 2793 514 2868 idque
537 2799 646 2850 natura
667 2793 725 2850 loci
742 2792 786 2850 sic
804 2793 1004 2862 muniebatur,
1019 2793 1058 2850 30

126 2880 160 2930 ut
182 2891 328 2948 magnam
350 2873 389 2931 ad
404 2874 574 2931 ducendum
589 2873 703 2930 bellum
718 2873 806 2930 daret
819 2873 1003 2941 facultatem,

124 2959 285 3030 propterea
299 2954 379 3028 quod
394 2952 504 3010 flumen
527 2952 626 3010 Dubis
651 2959 684 3010 ut
699 2953 809 3010 circino
824 2953 1005 3010 circumduc·

127 3038 193 3090 tum
224 3050 310 3108 paene
337 3039 436 3090 totum
465 3032 608 3108 oppidum
630 3033 740 3107 cingit:
768 3032 917 3107 reliquum
938 3049 1004 3107 spa-

124 3113 212 3182 tium,
234 3112 315 3188 quod
338 3117 467 3169 estnon
491 3113 621 3187 amplius
646 3113 756 3187 pedum
785 3119 1002 3181 sexcentorum,

125 3209 186 3266 qua
202 3191 312 3248 flumen
328 3191 510 3260 intermittit,
526 3209 614 3249 mons
629 3192 764 3250 continet
778 3209 891 3266 magna
906 3192 1005 3248 altitu·
1021 3193 1057 3248 35

124 3269 203 3338 dine,
226 3269 271 3326 ito
292 3273 326 3324 ut
346 3269 463 3326 radices
484 3269 596 3325 montis
618 3285 655 3324 ex
675 3273 801 3342 utraque
823 3273 908 3342 parte
931 3269 1003 3341 ripae

125 3348 257 3404 fluminis
292 3349 479 3421 contingant.
533 3347 624 3403 Hune
659 3363 763 3402 murus
799 3346 1002 3402 circumdatus

124 3444 224 3484 arcem
241 3424 331 3483 efficit
345 3430 376 3482 ct
390 3441 458 3481 cum
480 3425 590 3499 oppido
606 3423 769 3496 conjungit.
814 3423 884 3480 Huc
901 3423 1003 3480 Caesar

124 3505 246 3581 magnis
271 3504 428 3562 nocturnis
450 3504 626 3577 diurnisque
654 3501 812 3558 itineribus
840 3498 1002 3565 contendit,

81 3644 86 3654 ,
123 3591 331 3660 occupatoque
347 3583 459 3658 oppido
484 3582 525 3638 ibi
543 3581 714 3656 praesidium
730 3578 863 3635 collocat.
