2548 3774
147 238 208 305 110
416 250 609 299 ocaeano
635 250 812 300 arnardo.

197 406 350 481 potestate
364 402 480 474 eadem,
492 419 558 478 quae
573 401 735 461 Ambiorix
748 420 815 460 cum
832 401 949 460 Titurio
967 405 1081 477 egerat,

198 491 445 554 commemorant,
462 500 582 542 onmem
604 501 670 541 esse
692 484 724 539 in
745 482 838 540 armis
854 482 996 553 Galliam,
1013 481 1082 541 Ger·

198 582 304 622 manos
335 562 477 622 Rhenum
507 564 662 636 transisse,
687 563 816 622 Ooesaris
841 563 1081 638 reliquorumque

198 645 325 703 hiberna
340 644 515 720 oppugnari.
553 644 684 701 Addunt
697 643 792 700 etiam
807 643 844 700 de
857 642 963 701 Sabini
978 650 1080 700 morte.

165 725 409 800 5Anrbiorigem
430 729 586 781 ostentant
600 723 668 781 fidei
690 724 834 781 faciendae
854 741 963 780 causa:
985 740 1082 780 errare

197 823 250 864 eos
264 806 377 874 dicunt,
394 804 419 861 si
435 806 596 880 quiequam
612 805 651 861 ab
668 804 716 861 his
731 804 863 880 praesidii
885 811 1014 879 sperent,
1030 803 1083 879 qui

198 885 262 943 suis
277 887 367 942 rebus
381 883 537 958 diffidant3
561 901 627 942 sese
643 891 745 942 tamen
769 884 823 941 hoc
838 901 904 941 esse
920 884 951 940 in
968 882 1084 941 Cicero·

198 982 267 1023 nem
294 965 499 1041 populumque
530 965 704 1022 Romanum
732 965 842 1035 auimo,
866 970 899 1022 ut
922 963 997 1021 nihil
1025 963 1084 1020 nisi

198 1045 325 1103 hiberna
346 1051 486 1102 recusent
507 1050 598 1120 atque
620 1045 699 1103 hanc
720 1044 940 1102 inveterascere
962 1060 1085 1102 consue·

148 1132 184 1190 10
198 1124 337 1183 tudinem
360 1126 474 1182 nolint:
496 1125 584 1182 licere
607 1125 667 1182 illis
691 1123 894 1182 incolumibus
917 1142 970 1201 per
991 1140 1023 1180 se
1046 1141 1085 1181 ex

199 1205 334 1263 hibernis
355 1205 516 1274 discedere,
532 1211 564 1261 et
585 1222 791 1281 quascumque
806 1205 838 1261 in
859 1213 962 1280 partes
977 1203 1081 1275 velint,

198 1286 264 1343 sine
286 1291 370 1343 metu
391 1284 547 1362 proticisci.
591 1285 698 1343 Cicero
718 1286 757 1343 ad
784 1285 847 1342 haec
869 1303 963 1342 unum
991 1285 1083 1342 modo

198 1367 363 1442 respoudit,
407 1365 436 1423 N
439 1383 478 1423 on
493 1382 560 1422 esse
573 1366 821 1423 consuetudinem
834 1365 936 1442 populi
951 1364 1083 1422 Rotnani

200 1446 334 1521 accipere
350 1445 388 1502 ab
403 1445 491 1503 hoste
513 1451 631 1503 arnmto
653 1446 873 1503 conditionem:
895 1446 920 1502 si
936 1446 974 1502 ab
991 1444 1084 1502 armis

148 1534 183 1591 15
199 1526 352 1584 discedere
367 1525 471 1594 velint,
487 1541 519 1582 sc
541 1525 678 1598 adjutore
693 1531 819 1582 utantur
840 1525 1018 1600 legatosque
1040 1525 1079 1583 ad

200 1606 351 1666 Caesarem
374 1606 516 1662 mittant:
545 1622 667 1679 sperare
691 1623 745 1682 pro
775 1607 839 1680 ejus
863 1606 1083 1681 justitiaque}

198 1686 349 1762 petierint,
365 1685 589 1760 impetraturos.

238 1770 284 1824 42.
308 1766 359 1823 Ab
373 1764 431 1822 hac
444 1781 496 1840 spe
509 1764 620 1840 repulsi
632 1764 738 1822 Nervii
750 1765 830 1823 vallo
845 1765 957 1841 pedum
972 1781 1082 1824 novem

198 1851 229 1904 et
244 1846 327 1904 fossa
340 1845 450 1922 pedum
460 1845 632 1919 quindecim
648 1845 773 1902 hiberna
787 1847 921 1921 cingunt.
959 1846 1034 1903 Haec
1049 1855 1082 1903 et

146 1934 185 1991 20
200 1927 388 2002 superiorum
406 1942 552 1982 annorum
567 1925 786 1982 consuetudine
809 1944 827 1982 a
848 1926 961 1983 nostris
975 1944 1085 2001 cogno·

200 2012 315 2077 verant,
325 2011 357 2062 et
371 2021 448 2081 quos
459 2005 494 2062 de
507 2005 639 2062 exercitu
655 2006 807 2063 habebant
822 2007 968 2081 captivos
982 2006 1019 2064 ab
1034 2006 1083 2063 his

200 2085 401 2144 docebantur:
432 2085 485 2143 sed
513 2085 597 2141 nulla
620 2085 868 2143 ferramentorum
894 2087 990 2162 copia,
1015 2103 1083 2161 quae

199 2173 283 2224 esset
297 2167 335 2224 ud
350 2166 430 2223 huuc
441 2182 530 2222 usum
541 2165 659 2234 idonea,
670 2165 782 2240 gladiis
791 2167 922 2242 cespites
932 2167 1085 2224 circumci-

200 2246 279 2318 dere,
292 2246 434 2304 manibus
450 2245 626 2321 sagulisque
641 2251 753 2303 terram
769 2247 927 2304 exhaurire
944 2247 1082 2304 niteban-

146 2332 184 2389 25
200 2331 256 2384 tur.
288 2325 488 2401 Quaquidem
500 2342 580 2382 exre
593 2326 750 2383 hominum
765 2327 929 2384 multitudo
941 2327 1082 2402 cognosci

200 2406 315 2482 potuit:
330 2423 399 2463 narn
408 2405 509 2463 minus
520 2406 602 2463 horis
614 2406 711 2463 tribus
720 2406 837 2463 milium
847 2423 991 2482 passuum
1000 2407 1085 2483 quin-

200 2486 303 2544 decem
318 2486 349 2543 in
364 2486 489 2544 circuitu
504 2486 703 2544 munitionem
719 2486 927 2563 perfecerunt;
948 2487 1085 2562 reliquis-

200 2584 258 2642 que
274 2567 380 2624 diebus
391 2572 490 2623 turres
502 2566 541 2623 ad
557 2566 748 2623 altitudinem
761 2567 843 2638 valli,
856 2566 947 2624 falces
959 2567 1085 2624 testudi-

201 2663 322 2722 nesque,
346 2663 422 2722 quas
450 2646 542 2702 iidem
570 2645 685 2721 captivi
713 2646 885 2718 docuerant,
913 2665 1019 2724 parare
1048 2665 1084 2704 ao

147 2731 186 2789 30
202 2726 299 2785 facero
321 2730 484 2800 coeperunt.

242 2810 288 2865 43.
313 2805 450 2880 Septimo
478 2804 717 2881 oppugnationis
745 2804 793 2863 die
821 2807 953 2864 maximo
981 2812 1083 2865 coorto

201 2893 301 2958 vento,
316 2885 468 2943 ferventes
488 2884 571 2942 fusili
593 2903 630 2942 ex
652 2885 760 2960 argilla
780 2885 907 2961 glandes
929 2887 1031 2944 fundis
1052 2891 1084 2944 et

203 2965 367 3023 fervefacta
382 2964 484 3038 jacula
504 2964 535 3022 in
557 2982 652 3036 casas,
676 2981 742 3040 quoe
763 2983 845 3023 more
868 2965 985 3025 Gallico
1010 2971 1085 3023 stra·

202 3046 314 3103 mentis
328 3051 416 3103 erant
436 3049 531 3113 tectae,
542 3046 642 3118 jacere
664 3052 826 3120 coeperunt.
870 3046 928 3103 Hae
950 3045 1086 3103 celeriter

149 3129 187 3188 35
202 3125 303 3199 ignem
333 3124 623 3200 comprehenderunt
650 3130 682 3181 et
703 3125 784 3181 venti
815 3126 1026 3199 magnitudine
1051 3125 1084 3181 in

203 3222 322 3261 omnem
338 3211 506 3262 castrorum
522 3204 621 3260 locun
638 3203 828 3261 distulerunt.
873 3205 988 3263 Hostes
1002 3222 1085 3261 max-

204 3282 265 3340 imo
281 3283 411 3340 clamore
426 3282 513 3338 sicuti
528 3288 617 3357 parta
633 3284 697 3355 jam
714 3275 805 3357 atque
820 3283 978 3357 explorata
992 3285 1085 3341 victo·

203 3363 257 3433 ria,
286 3369 384 3419 turres
411 3360 639 3434 testudinesque
669 3378 757 3435 agere
786 3366 817 3418 et
851 3364 943 3422 scalis
970 3363 1083 3421 vallum

204 3441 363 3499 escendere
379 3443 540 3514 ooeperunt.
570 3439 616 3498 At
629 3445 717 3498 tauta
731 3439 863 3500 militum
878 3443 977 3502 virtus
993 3449 1083 3519 atquo
