2548 3774
455 340 567 386 nrnaa
592 339 766 396 Qururus.
924 369 933 388 .
1012 323 1073 390 117

134 491 346 566 praesensisset
361 508 395 547 ac
411 490 604 564 profugisset,
621 508 716 564 usque
738 491 776 547 ad
792 489 865 547 fines
880 490 1018 562 insecuti,

136 587 231 644 regno
259 571 410 646 domoque
439 570 634 644 expulerunt;
662 577 694 627 et
721 569 824 627 missis
854 570 892 627 ad
922 569 1021 628 Oresa·

135 667 199 706 rem
214 649 419 708 satisfaciendi
434 667 525 707 causa
539 650 658 724 legatis,
673 667 742 707 eum
757 650 783 706 is
798 667 918 707 emnem
933 650 972 707 ad
987 667 1018 709 se

135 737 276 787 senatum
300 730 403 787 venire
420 729 570 802 jussisset,
596 730 677 787 dicto
699 730 857 787 audientes
878 747 937 786 non
959 731 1019 788 fue-

135 815 215 867 runt.
258 809 389 866 Tantum
412 809 492 886 apud
516 809 652 866 hemines
674 810 817 867 barbaros
833 810 935 876 valuit,
951 827 1017 868 esse
1052 813 1070 872 5
1153 882 1157 890 ⁴

135 889 255 964 aliquos
270 897 405 964 repertos
419 889 569 964 principes
583 889 653 946 belli
669 889 823 960 inserendi,
839 896 1017 966 tantamque

134 969 276 1026 omnibus
288 970 480 1026 voluntatum
495 968 763 1026 commutationem
777 969 889 1039 attulit,
903 975 936 1026 ut
947 987 1018 1044 prae·

135 1054 183 1105 ter
197 1047 317 1105 AEduos
332 1054 362 1106 et
377 1049 500 1118 Remos,
516 1066 592 1124 quos
607 1049 756 1125 praecipuo
772 1065 890 1123 semper
904 1048 1016 1107 honore

137 1128 241 1185 Caesar
263 1128 378 1198 habuit,
395 1130 506 1185 alteros
528 1145 581 1204 pro
597 1135 698 1186 vetere
721 1147 756 1186 ac
776 1135 923 1204 perpetua
944 1147 1017 1204 erga

135 1207 283 1282 populum
299 1209 472 1265 Romanum
489 1208 554 1278 fide,
568 1208 680 1266 alteros
694 1226 748 1285 pro
763 1209 932 1266 recentibus
948 1208 1017 1268 Gal·
1032 1211 1068 1268 10

134 1286 185 1344 liei
209 1288 279 1345 belli
303 1288 414 1356 officiis,
438 1288 522 1344 nulla
545 1288 605 1345 fere
628 1288 736 1346 civitas
755 1288 845 1346 fuerit
869 1306 929 1345 non
953 1307 1016 1346 sus·

134 1373 223 1442 pecta
238 1368 332 1425 nobis.
366 1368 461 1443 quue
478 1368 552 1425 adeo
567 1367 648 1425 haud
664 1369 726 1426 scio
741 1368 950 1426 mirandumne
966 1369 1014 1438 sit,

133 1465 203 1504 eum
219 1448 422 1523 compluribus
438 1448 505 1504 aliis
520 1448 556 1504 de
572 1448 680 1517 causis,
697 1455 762 1504 tum
777 1449 916 1518 maxime,
933 1448 1014 1524 quod

136 1526 158 1583 ii
176 1527 228 1602 qui
243 1527 355 1584 virtute
370 1528 440 1584 belli
455 1528 594 1584 omnibus
609 1528 752 1602 gentibus
766 1528 1012 1602 praeferebantur,

134 1612 255 1663 tantum
277 1625 307 1664 se
329 1609 393 1681 ejus
414 1607 563 1681 opinionis
578 1608 791 1683 deperdidisse,
808 1613 842 1664 ut
863 1626 881 1665 a
901 1608 1013 1683 populo
1031 1610 1065 1668 15

134 1686 276 1744 Romano
290 1687 416 1762 imperia
430 1687 604 1763 perferrent,
622 1688 802 1762 gravissime
817 1687 970 1745 dolebant.

173 1769 220 1824 55.
243 1766 360 1823 Treviri
382 1784 452 1824 vero
475 1773 565 1841 atque
587 1767 816 1824 Indutiomarus
836 1768 933 1825 totius
955 1766 1015 1824 hie-

133 1846 192 1902 mis
214 1847 328 1903 nullum
350 1852 470 1922 tempus
490 1847 725 1917 intermiserunt,
742 1846 812 1921 quin
835 1853 920 1904 trans
935 1847 1016 1904 Rhe·

133 1944 206 1982 num
228 1927 346 2000 legates
368 1927 531 1995 mitterent,
548 1926 687 1983 civitates
708 1927 913 1997 sollicitarent,
929 1944 1015 2002 poeu-

132 2006 200 2062 nias
227 2007 447 2082 pollicerentur,
477 2024 589 2080 niagno
615 2013 700 2082 parte
735 2007 884 2063 exereitus
918 2005 1067 2067 nostri20

133 2084 298 2156 interfecta,
321 2087 417 2144 multo
442 2087 587 2160 minorem
613 2103 770 2161 superesse
793 2087 926 2144 dicerent
949 2103 1014 2162 par-

132 2170 203 2222 tem.
247 2166 352 2241 Neque
374 2172 476 2223 tamen
498 2167 551 2222 ulli
574 2165 690 2223 civitati
711 2166 929 2224 Germanorum
951 2184 1016 2242 per·

133 2245 254 2301 suaderi
277 2246 384 2319 potuit,
411 2250 446 2302 ut
470 2245 613 2302 Rhenum
638 2246 790 2315 transiret,
816 2264 884 2303 cum
910 2264 942 2303 se
967 2247 1014 2303 bis

131 2331 270 2400 expertos
292 2326 433 2393 dicerent,
456 2325 607 2382 Ariovisti
634 2326 711 2382 bello
739 2331 771 2383 et
799 2325 1013 2383 Tencterorum

131 2405 272 2474 transitu,
302 2423 365 2472 non
392 2423 458 2461 esse
487 2404 617 2480 amplius
645 2405 796 2462 fortunam
825 2406 1011 2464 tentandam.
1029 2409 1066 2468 25

134 2483 203 2542 Hac
225 2502 277 2558 spe
298 2485 402 2560 lapsus
423 2484 651 2542 Indutiomarus
675 2484 769 2542 nihile
791 2485 891 2542 minus
910 2487 1013 2561 copias

131 2581 246 2639 eogere,
271 2582 415 2633 exercere,
442 2583 460 2620 a
482 2564 617 2621 finitimis
644 2582 737 2640 equos
764 2583 879 2641 parare,
895 2566 1014 2622 exsules

131 2644 352 2720 damnatosque
367 2649 433 2701 teta
448 2644 547 2702 Gallia
563 2645 682 2717 magnis
696 2645 828 2719 praemiis
844 2646 882 2702 ad
904 2664 936 2702 se
952 2645 1015 2702 alli·

131 2741 197 2782 cere
212 2725 310 2800 coepit.
355 2723 402 2782 Ac
417 2729 534 2780 tantam
550 2725 607 2781 sibi
618 2726 682 2798 Jam
698 2725 746 2781 his
760 2726 850 2782 rebus
865 2725 896 2782 in
913 2725 1013 2783 Gallia

131 2804 342 2862 auctoritatem
358 2810 593 2878 comparaverat,
604 2810 639 2862 ut
650 2805 782 2879 undique
798 2806 835 2862 ad
850 2824 917 2862 eum
934 2805 1014 2880 lega
1028 2807 1065 2864 30

129 2885 229 2941 tiones
244 2890 462 2954 concurrerent,
474 2885 603 2957 gratiam
618 2889 708 2960 atque
719 2885 883 2942 amicitiam
895 2885 1013 2960 publice

130 2965 334 3040 privatimque
350 2969 496 3038 peterent.

171 3047 208 3102 56
241 3043 304 3102 Ubi
326 3044 474 3101 intellexit
498 3043 578 3101 ultro
604 3044 642 3100 ad
667 3061 698 3102 se
724 3044 828 3113 veniri,
856 3044 951 3100 altera
976 3061 1013 3101 ex

130 3130 216 3198 parte
253 3123 388 3182 Senones
420 3123 626 3198 Carnutesque
661 3123 844 3181 conscientia
872 3124 1012 3180 facinoris

129 3204 283 3277 instigari,
301 3204 395 3260 altera
416 3202 545 3260 Nervios
561 3203 797 3278 Aduatucosque
819 3203 931 3259 bellum
954 3204 1012 3260 Ro·
1028 3204 1064 3260 35

128 3284 230 3340 manis
252 3301 367 3358 parare,
383 3300 479 3356 neque
501 3283 557 3339 sibi
580 3283 819 3339 voluntariorum
841 3283 944 3356 copias
965 3283 1013 3338 de·

129 3363 202 3433 fere,
219 3363 245 3420 si
267 3381 304 3420 ex
318 3363 428 3419 finibus
450 3363 513 3419 suis
527 3363 668 3437 progredi
683 3361 839 3436 coepisset:
862 3367 1012 3416 armatum

132 3443 294 3499 concilium
316 3443 423 3500 indicit
439 3441 511 3517 (hoc
536 3458 619 3497 mere
643 3440 798 3498 Gallorum
823 3443 870 3494 est
893 3437 1014 3492 initium

132 3521 230 3596 belli),
241 3539 300 3597 que
314 3521 380 3596 lege
398 3520 550 3579 communi
565 3535 670 3577 omnes
683 3517 811 3592 puberes
826 3515 932 3570 armati
948 3529 1015 3568 con-
