2548 3774
495 318 608 365 urana
633 317 808 374 QUINTUS.
1042 305 1103 368 109

213 471 258 527 39.
282 469 389 544 Itaque
404 468 562 526 confestim
584 467 718 525 dimissis
734 467 851 525 nunciis
872 467 1051 528 1110111110-

174 565 235 620 nes,
252 548 393 617 GrndioS,
410 546 556 617 Levacos
574 547 773 617 Pleumoxios,
797 548 981 618 Gcidunnos,
997 549 1049 624 qui

174 645 277 685 omnes
305 629 361 686 sub
389 645 492 684 eorum
521 627 647 701 imperio
675 633 754 697 sunt,
783 645 873 701 quam
901 629 1049 687 maximas

173 725 280 764 manus
295 714 430 781 possunt,
443 712 554 782 coguut
566 712 597 762 et
611 706 647 764 de
662 706 826 780 improviso
842 707 880 764 ad
893 706 1048 766 Ciceronis

173 787 297 844 hiberna
318 786 470 855 advolant,
487 785 618 843 nondum
642 786 763 843 adeum
785 786 867 844 fama
888 786 924 844 de
939 787 1048 845 Titurii
1083 796 1100 854 5

172 873 268 924 morte
283 866 404 942 perlata.
449 866 528 923 Huic
549 883 666 940 quoque
688 865 803 935 accidit,
821 867 901 940 quod
923 867 980 924 luit
1002 885 1050 926 ne·

172 963 264 1016 cesse,
280 952 315 1003 ut
328 945 461 1003 nonnulli
476 945 597 1013 milites,
610 945 660 1020 qui
673 944 847 1018 lignationis
861 947 1049 1006 munitionis·

171 1044 228 1102 qne
247 1043 340 1084 causa
357 1026 388 1082 in
403 1026 496 1082 silves
512 1025 730 1094 discessissent,
746 1025 900 1099 repentino
915 1027 1048 1101 equiturn

172 1106 303 1163 adventu
318 1105 573 1180 interciperentur.
617 1104 677 1161 His
698 1104 919 1174 circumventis,
937 1123 1048 1180 magne

171 1202 262 1242 uranu
277 1185 442 1252 Eburones
460 1183 574 1252 Nervii,
589 1183 742 1241 Aduatuci
763 1189 851 1258 etque
868 1183 972 1242 borum
988 1204 1048 1244 om·
1065 1190 1100 1248 10

170 1265 254 1321 nium
270 1265 341 1322 socii
357 1271 388 1322 et
402 1264 526 1321 clientes
541 1263 688 1338 legionem
701 1281 875 1338 oppugnare
887 1264 1046 1341 incipiunt:

170 1345 266 1402 nostri
294 1344 429 1402 celeriter
457 1344 495 1400 ad
524 1360 608 1399 arma
632 1349 819 1412 concurrunt,
843 1343 957 1401 vallum
981 1363 1048 1402 con-

171 1425 325 1481 scendunt
368 1423 462 1498 AEgrc
477 1423 503 1480 is
524 1423 589 1479 dies
611 1427 808 1492 sustentatur,
824 1423 905 1498 quod
926 1441 1046 1482 onmem

170 1521 256 1578 spem
283 1504 386 1561 hostes
415 1504 444 1560 in
474 1502 625 1560 celeritate
659 1501 811 1577 ponebant
845 1508 934 1578 atque
969 1504 1046 1562 banc

170 1583 270 1659 adepti
299 1583 454 1641 victoriam
488 1582 519 1638 in
552 1588 730 1658 perpetuum
767 1599 799 1638 se
828 1580 889 1640 lore
918 1583 1047 1642 victores
1064 1587 1098 1643 15

169 1663 367 1721 confidebant.

209 1746 255 1800 40.
277 1741 443 1799 Mittuntur
457 1741 494 1798 ad
512 1739 660 1798 Oaesarcm
676 1739 834 1798 confestim
849 1740 887 1797 ab
903 1739 1046 1801 Cicerone

169 1821 286 1891 litterae,
310 1821 429 1896 magnis
450 1821 611 1895 propositis
632 1820 772 1894 premiis,
795 1820 819 1876 si
841 1821 1043 1895 pertulissent.

170 1900 312 1959 Obsessis
328 1900 468 1959 omnibus
483 1900 541 1956 viis
556 1900 642 1957 missi
663 1899 901 1974 intercipiuntur.
944 1901 1045 1960 Noctu

168 1999 206 2039 ex
220 1999 257 2038 ea
272 1981 405 2049 materia,
422 1997 511 2055 quem
534 1979 711 2036 munitionis
731 1997 823 2036 causa
843 1987 1046 2055 comportave—
1061 1985 1098 2041 20

168 2067 246 2132 rant,
262 2068 360 2118 turres
383 2059 544 2116 admodum
565 2065 684 2116 centum
705 2064 737 2115 et
752 2059 858 2133 viginti
877 2059 1045 2118 excitantur

168 2140 333 2198 incredibili
355 2139 524 2196 celeritate:
547 2154 611 2213 quae
633 2139 738 2209 deesse
760 2139 840 2214 opcri
855 2139 1043 2209 videbantur,

168 2220 368 2296 perficiuntur.
412 2217 527 2275 Hostes
551 2223 671 2293 postero
695 2218 742 2274 die
766 2218 861 2274 multo
883 2220 1045 2292 majoribus

168 2299 280 2358 coactis
301 2299 397 2374 copiis
418 2303 518 2354 castra
539 2303 724 2372 oppugnent,
748 2297 861 2354 fossam
884 2300 1042 2374 complent.

168 2378 284 2437 Eadem
299 2378 424 2448 ratione,
436 2395 496 2452 qua
509 2376 611 2452 pridie,
623 2377 660 2433 ab
674 2376 786 2434 nostris
800 2376 965 2436 resistitur:
988 2378 1043 2436 hoc
1059 2384 1095 2440 25

168 2459 248 2516 idem
270 2458 410 2532 deinceps
433 2456 554 2530 reliquis
575 2455 608 2512 lit
623 2456 734 2513 diebus
777 2455 870 2513 Nulla
886 2475 957 2532 pers
978 2476 1045 2516 noc-

167 2539 249 2595 tnmi
262 2537 407 2612 temporis
423 2537 461 2593 ud
476 2536 607 2592 laborem
623 2535 847 2593 intermittitur:
870 2554 928 2593 non
944 2539 1041 2611 aegriS,

167 2635 227 2675 non
250 2616 415 2674 vulneratis
437 2615 564 2672 facultas
585 2615 694 2689 quietis
715 2615 821 2672 datur:
850 2633 1042 2693 quacumque

168 2697 206 2754 ad
232 2696 360 2773 proximi
389 2695 448 2752 diei
474 2695 726 2770 oppugnationem
753 2711 828 2769 opus
851 2701 929 2764 sunt,
952 2704 1043 2755 noctu

167 2782 394 2852 comparantur:
416 2774 517 2831 multae
533 2780 670 2848 praeustae
690 2774 789 2840 sudes,
805 2792 933 2848 magnus
948 2794 1044 2834 mura
1058 2782 1096 2838 30

167 2855 241 2914 lium
261 2856 391 2932 pilorum
412 2870 553 2910 numerus
574 2853 761 2924 instituitur3
783 2858 881 2910 turres
901 2857 1044 2914 contabu-

167 2935 275 3004 lentur,
303 2935 403 3010 pinna
437 2933 592 3007 loricaeque
621 2950 658 2991 ex
692 2933 823 2989 cratibus
858 2939 1041 2993 attexuntur.

168 3014 237 3090 Ipse
263 3015 377 3083 Cicero,
397 3031 468 3069 cum
492 3013 670 3069 tenuissima
693 3012 864 3069 valetudine
892 3019 981 3084 esset,
1005 3034 1042 3074 nc

167 3103 345 3152 nocturnum
361 3093 479 3168 quidem
495 3091 551 3149 sibi
565 3097 685 3165 tempus
700 3092 737 3148 ad
753 3091 884 3166 quietem
898 3093 1042 3170 relinque-

168 3174 228 3242 bat,
244 3181 279 3231 ut
293 3174 373 3230 ultro
394 3171 523 3229 militum
543 3188 690 3229 concursu
712 3189 746 3228 ac
762 3172 884 3228 vocibus
905 3173 964 3230 sibi
979 3193 1044 3250 per·
1058 3179 1094 3234 35

169 3272 232 3311 cere
247 3259 412 3325 cogeretur.

208 3335 253 3391 41.
276 3333 361 3390 'lunc
383 3331 473 3388 duces
494 3329 703 3404 principesque
718 3328 907 3396 Nerviorum,
923 3331 974 3404 qui
993 3332 1043 3388 eli·

170 3430 256 3488 quem
285 3411 432 3469 semronis
461 3411 578 3467 aditum
606 3425 786 3481 causamque
809 3407 948 3464 amicitia
975 3427 1043 3466 cum

171 3491 314 3552 Cicerone
329 3490 489 3560 habebant,
500 3488 628 3563 colloqui
640 3504 706 3543 sese
717 3485 791 3541 velle
803 3486 844 3542 dii
854 3492 915 3542 unt.
948 3485 1043 3543 Facta
