2524 3776
160 279 205 346 46
434 299 482 347 nn
506 299 629 347 nanno
655 298 830 350 ennnroo.

213 463 413 524 occasumque
426 449 498 508 solis
510 450 692 509 destiterunt
713 467 805 528 seque
820 451 852 509 in
867 457 976 523 castra,
986 457 1021 512 ut
1034 460 1100 520 erat

213 525 405 602 imperatum,
421 537 606 606 receperunt.

254 611 299 666 12.
323 609 476 668 Postridie
491 612 556 684 ejus
571 611 632 669 diei
649 611 761 682 Caesar,
777 611 954 687 priusquam
977 629 1010 670 se
1033 613 1100 672 hos·

212 691 259 745 tes
280 705 318 746 ex
337 695 452 747 terrore
474 709 508 747 ac
524 690 598 764 luga
619 691 797 765 reciperent,
812 691 845 748 in
866 691 941 750 fines
963 691 1098 751 Suessio·

177 768 292 839 dnum,
308 770 360 845 qui
382 770 511 845 proximi
533 769 640 827 Remis
661 778 756 841 erant,
771 771 937 830 exercitum
955 773 1043 830 duxit
1066 780 1097 832 et

210 865 322 924 magno
342 849 449 908 itinere
471 850 607 907 confecto
639 850 678 907 ad
706 851 851 925 oppidum
878 851 908 908 N
911 853 1095 913 oriodunum

210 929 374 988 contendit.
418 929 455 987 Id
476 948 514 989 ex
534 930 643 988 itinere
665 947 840 1006 oppugnare
862 938 999 1002 conatus,
1015 935 1094 1008 quod

212 1026 341 1067 vacuum
357 1009 394 1066 ab
409 1010 618 1068 defensoribus
639 1027 706 1067 esse
727 1011 880 1082 audiebat,
892 1019 1017 1086 propter
1030 1013 1086 1071 lati

209 1089 344 1146 tudinem
367 1090 455 1148 fossae
478 1089 614 1166 murique
639 1089 843 1161 altitudinem,
866 1092 971 1166 paucis
996 1093 1094 1151 delen·

158 1167 194 1226 10
209 1168 359 1239 dentibus,
381 1187 554 1244 expugnare
576 1187 637 1227 non
658 1170 766 1245 potuit.
811 1170 930 1228 Castris
957 1173 1094 1246 munitis

209 1247 315 1306 vineas
330 1266 429 1324 agere,
445 1267 572 1325 quaeque
594 1249 632 1307 a'd
654 1250 891 1324 oppugnandum
907 1252 976 1309 usui
997 1258 1093 1324 erant,

208 1344 382 1404 comparare
398 1330 496 1406 coepit.
541 1329 669 1386 Interim
691 1329 790 1386 omnis
811 1348 849 1387 ex
863 1330 937 1406 fuga
957 1330 1094 1390 Suessio-

208 1424 279 1465 num
295 1409 461 1468 multitudo
476 1409 508 1466 in
523 1409 668 1485 oppidum
683 1409 823 1483 proxima
838 1418 925 1469 nocte
941 1413 1092 1472 convenit.

209 1486 356 1546 Celeriter
371 1489 467 1547 vineis
482 1489 521 1547 ad
536 1489 682 1566 oppidum
698 1490 785 1560 actis,
803 1507 915 1565 aggere
925 1492 1016 1565 jacto,
1033 1497 1094 1549 tur-

157 1569 193 1626 15
208 1567 350 1645 ribusque
386 1569 571 1640 constitutis
607 1570 820 1644 magnitudine
856 1587 989 1646 operum,
1025 1590 1093 1648 quae
1173 1615 1184 1626 ,

208 1664 304 1724 neque
320 1649 460 1708 viderant
474 1657 544 1707 ante
560 1649 640 1709 Galli
655 1667 751 1725 neque
767 1649 935 1721 audierant,
947 1657 979 1709 et
992 1652 1093 1710 celeri·

207 1733 271 1786 tate
293 1730 502 1787 Romanorum
523 1729 661 1804 permoti,
677 1729 796 1804 legatos
818 1729 856 1788 ad
879 1730 1031 1788 Oaesarem
1053 1733 1091 1790 de

207 1808 362 1866 deditione
383 1811 517 1878 mittunt,
539 1816 571 1866 et
597 1810 770 1885 petentibus
792 1810 900 1868 Remis
921 1816 956 1869 ut
976 1828 1093 1870 conser-

208 1895 352 1946 varentur
376 1890 549 1965 impetrant.

154 1969 192 2026 20
250 1971 294 2028 13.
322 1968 432 2040 Caesar,
463 1969 622 2027 obsidibus
649 1969 791 2045 acceptis
820 1970 926 2046 primis
953 1970 1091 2029 civitatis

207 2053 297 2123 atque
324 2049 419 2125 ipsius
445 2048 549 2107 Galbae
574 2049 655 2124 regis
683 2050 803 2107 duobus
832 2049 911 2118 filiis,
937 2051 1090 2127 armisque

206 2129 346 2185 omnibus
357 2146 394 2186 ex
405 2129 515 2205 oppido
526 2129 657 2200 traditis,
670 2130 700 2186 ln
714 2129 897 2187 deditionem
911 2129 1091 2189 Suessiones

206 2209 322 2283 accepit
342 2207 566 2284 exercitumque
578 2208 609 2264 in
621 2209 800 2267 Bellovacos
812 2209 908 2268 duxit.
946 2211 1004 2282 Qui
1020 2228 1089 2268 cunr

206 2291 365 2363 sesua-que
378 2287 480 2344 omnia
489 2288 521 2345 in
530 2288 672 2363 oppidum
683 2289 935 2366 Bratuspantium
949 2289 1091 2346 contulis-

153 2369 190 2428 25
207 2373 283 2437 sont,
297 2375 387 2441 atque
400 2369 438 2424 ab
450 2385 486 2426 eo
498 2367 608 2444 oppido
625 2367 728 2426 Ooesar
741 2385 810 2425 cum
824 2369 958 2427 exercitu
972 2369 1089 2426 circiter

204 2446 289 2504 milia
303 2465 446 2524 passuum
462 2448 594 2523 quinque
610 2447 740 2517 abesset,
751 2464 856 2506 omnes
867 2451 996 2524 majores
1014 2456 1089 2506 natu

204 2545 242 2584 ex
265 2528 375 2602 oppido
398 2528 513 2602 egressi
539 2545 647 2584 manus
671 2527 709 2584 ad
734 2527 885 2585 Caesarem
911 2529 1034 2588 tendere
1058 2534 1090 2587 et

204 2624 278 2664 voce
294 2607 462 2682 significare
484 2613 647 2683 coeperunt,
664 2623 730 2664 sese
752 2606 783 2663 in
804 2610 868 2682 ejus
886 2607 975 2666 fidem
991 2627 1025 2667 ac
1039 2626 1079 2684 po

204 2691 346 2745 testatem
370 2689 481 2758 venire,
504 2706 600 2763 neque
623 2694 729 2746 contra
748 2687 890 2762 populum
915 2687 1088 2745 Romanum

151 2769 189 2826 80
204 2767 297 2825 armis
311 2768 498 2826 contendere.
541 2768 620 2826 Item
641 2785 711 2826 cum
729 2768 767 2824 ad
790 2767 931 2843 oppidum
947 2767 1090 2825 accessis·

204 2853 252 2905 set
289 2857 450 2923 castroque
478 2848 519 2904 ibi
546 2854 680 2924 poneret,
706 2847 791 2923 puori
824 2845 1024 2922 mulieresque
1052 2864 1090 2904 ex

203 2945 289 2985 muro
303 2928 403 3004 passis
417 2928 557 2986 manibus
582 2945 637 2986 suo
652 2945 734 2986 more
758 2945 861 3003 paoem
884 2927 923 2984 ab
938 2927 1089 2987 Romanis

201 3008 361 3084 petierunt

245 3090 291 3146 14.
315 3088 376 3147 Pro
390 3087 440 3146 his
455 3088 631 3146 Divitiaous
644 3087 728 3164 (nam
751 3091 822 3163 post
837 3087 1003 3145 discessum
1019 3085 1088 3144 Bel-

152 3169 321 3242 etgarum,
337 3168 473 3227 dimissis
494 3163 664 3226 AEd'uorunr
684 3169 786 3243 copiis,
809 3167 847 3225 ad
868 3185 935 3225 eum
959 3172 1088 3224 reverte·

207 3247 279 3321 rat),
295 3248 370 3307 facit
384 3250 489 3307 verba:
513 3254 529 3279 “
540 3249 721 3306 Bellovacos
736 3248 818 3306 omni
833 3252 968 3322 tempore
984 3247 1014 3302 in
1030 3245 1087 3303 lide

205 3334 297 3403 atque
321 3328 456 3386 amicitia
477 3328 611 3387 civitatis
635 3328 744 3386 AEduae
768 3328 879 3384 fuisse:
896 3325 1047 3402 impulsos
1070 3343 1088 3382 a

204 3409 270 3466 suis
291 3408 483 3484 principibus,
506 3408 556 3483 qui
575 3409 710 3466 dicerent
734 3407 853 3465 AEduos
875 3425 893 3464 a
913 3405 1034 3466 (lasere
1056 3405 1088 3464 in

205 3489 383 3546 servitutem
416 3488 554 3546 redactos
582 3505 687 3545 omnes
711 3487 909 3562 indignitates
938 3490 1088 3544 eontume
