2548 3774
181 305 227 372 oo
456 318 502 390 nn
528 317 648 364 annno
674 315 850 365 ennnrco.

231 471 337 546 'juben
368 469 505 527 Labieno
526 468 641 537 scribit,
659 473 702 538 ut,
725 485 816 542 quam
837 468 983 544 plurimas
1003 480 1117 547 posset,

235 551 274 608 iis
287 549 455 625 legionibus
477 565 542 623 quae
565 554 637 605 sunt
658 548 739 623 apud
756 566 834 618 eum,
850 566 945 606 naves
966 550 1108 610 instituat

235 630 314 706 Ipse,
337 629 395 686 etsi
419 645 467 684 res
489 633 555 684 erat
576 628 679 685 nrultae
703 645 800 703 operae
823 644 857 684 ac
880 629 998 700 laboris,
1014 635 1114 691 tamen

236 707 514 768 commodissimum
535 724 602 764 esse
624 708 733 764 statuit
754 725 859 764 omnes
880 726 975 766 naves
990 711 1116 768 subduci

203 794 267 852 fiet
294 806 361 846 cunr
390 787 499 845 castris
527 803 588 842 una
615 787 782 844 munitione
811 789 960 862 conjungi.
1003 788 1040 847 In
1068 789 1116 848 his

235 869 325 927 rebus
348 867 468 925 circiter
489 865 555 923 dies
577 866 681 923 decem
709 867 867 935 consumit,
893 885 931 924 ne
959 871 1116 928 nocturnis

234 949 355 1025 quidem
370 945 555 1022 temporibus
572 946 609 1003 ad
631 946 763 1003 laborem
779 946 909 1003 militum
926 948 1113 1008 intermissis

238 1028 401 1087 Subductis
423 1026 551 1082 navibus
573 1026 740 1100 castrisque
762 1027 883 1100 egregie
904 1028 1037 1097 munitis,
1053 1047 1116 1086 eas-

235 1108 303 1166 dem
325 1107 436 1180 copias,
461 1123 538 1180 quas
559 1113 639 1174 ante,
661 1106 802 1180 prasidio
823 1106 955 1163 navibus
975 1107 1114 1183 reliquit:

187 1193 220 1250 10
236 1189 301 1262 ipse
323 1186 437 1254 eodem,
460 1185 539 1242 unde
561 1185 699 1253 redierat,
723 1185 928 1259 proficiscitur.
971 1186 1018 1244 Eo
1047 1206 1115 1248 curn

235 1268 378 1335 venisset,
395 1267 521 1339 majores
537 1265 601 1337 jam
624 1264 755 1339 undique
770 1264 802 1321 iu
823 1282 891 1322 eum
910 1265 1008 1323 locum
1022 1268 1115 1344 copiae

234 1346 451 1405 Britannorum
472 1350 684 1412 convenerant,
707 1361 826 1401 summa
846 1345 963 1419 imperii
984 1347 1115 1422 bellique

235 1425 468 1483 administrandi
490 1423 641 1481 communi
662 1423 786 1481 consilio
800 1425 949 1499 permissa
964 1425 1116 1485 Cassivel-

234 1505 332 1575 launo,
361 1506 445 1578 cujus
473 1503 547 1560 fines
572 1503 771 1560 amaritimis
799 1504 975 1562 civitatibus
1003 1505 1115 1564 flumen
1176 1569 1182 1578 ‚

186 1589 219 1646 15
235 1585 350 1656 dividit,
379 1584 459 1658 quod
487 1583 656 1658 appellatur
684 1583 830 1653 Tamesis,
848 1602 867 1640 a
894 1585 969 1641 mari
997 1585 1115 1645 circiter
1149 1649 1152 1654 Δ

235 1665 317 1722 milia
337 1664 483 1739 passuum
506 1663 670 1736 octoginta.
714 1662 794 1719 Huic
811 1663 962 1739 superiore
979 1670 1113 1741 tempore

235 1763 303 1802 cunr
317 1743 442 1817 reliquis
457 1742 632 1800 civitatibus
647 1743 833 1810 continentia
847 1743 927 1800 bella
941 1743 1115 1803 intercesse-

235 1830 320 1882 rant:
342 1823 395 1881 sed
411 1827 514 1879 nostro
529 1822 662 1880 adventu
671 1823 797 1896 permoti
812 1823 951 1881 Britanni
963 1824 1041 1883 hunc
1055 1826 1112 1884 toti

235 1903 314 1961 bello
329 1903 513 1977 imperioque
528 1901 730 1977 praefecerant.

183 1986 220 2043 20
277 1986 320 2042 12.
344 1983 508 2040 Britanniae
523 1999 593 2056 pars
608 1982 731 2039 interior
752 1981 790 2038 ab
811 1982 848 2038 iis
869 1981 1019 2054 incolitur,
1036 2002 1113 2060 quos

234 2069 323 2120 natos
345 2063 374 2119 in
397 2063 497 2132 insula
512 2062 568 2136 ipsi
584 2061 730 2118 memoria
744 2061 896 2135 proditum
911 2062 1031 2121 dicunt:
1052 2082 1114 2121 ma-

235 2143 337 2200 ritima
360 2160 432 2216 pars
458 2143 495 2198 ab
520 2142 567 2211 iis,
591 2141 641 2217 qui
670 2141 777 2215 praedae
807 2159 840 2198 ac
866 2141 936 2198 belli
965 2142 1111 2202 inferendi

235 2239 326 2280 eausa
353 2239 391 2279 ex
419 2221 523 2296 Belgis
551 2221 751 2292 transierant;
782 2221 833 2295 qui
857 2239 962 2278 omnes
987 2222 1047 2280 fere
1075 2224 1113 2281 iis

236 2301 407 2359 nominibus
437 2302 596 2360 civitatum
625 2300 823 2376 appellantur,
850 2301 960 2376 quibus
988 2303 1046 2360 orti
1075 2321 1112 2362 cx

183 2383 219 2439 25
235 2382 408 2439 civitatibus
422 2399 457 2438 eo
469 2387 676 2456 pervenerunt,
689 2386 719 2436 et
734 2379 812 2437 bello
824 2380 908 2438 illato
922 2381 964 2438 ibi
978 2400 1114 2457 perman·

236 2468 339 2519 serunt
354 2470 443 2536 atque
460 2477 550 2534 agros
565 2460 660 2517 colere
676 2465 837 2534 coeperunt.
882 2460 1048 2518 Hominum
1065 2469 1112 2520 cst

234 2541 352 2598 infinita
365 2541 528 2598 multitudo
547 2539 785 2614 creberrimaque
807 2539 931 2596 aediiicia
945 2541 1005 2598 fere
1021 2542 1113 2600 Galli·

236 2621 279 2679 cis
292 2620 477 2678 consimilia:
492 2637 633 2694 pecorum
648 2637 778 2693 magnus
793 2637 941 2677 numerus.
975 2621 1114 2678 Utuntur

235 2708 288 2759 aut
301 2717 358 2757 aere
374 2707 426 2756 aut
441 2700 530 2756 taleis
544 2699 647 2756 ferreis
670 2699 707 2757 ad
728 2705 842 2756 certum
864 2700 983 2772 pondus
1004 2702 1112 2758 exami-

183 2783 220 2840 30
235 2780 315 2837 natis
329 2797 382 2854 pro
397 2797 527 2836 nummo.
570 2777 715 2836 Nascitur
732 2779 774 2834 ibi
795 2779 950 2852 plumbum
966 2780 1065 2837 album
1081 2781 1112 2838 in

234 2859 462 2917 mediterraneis
483 2857 667 2932 regionibus.
683 2858 713 2914 in
735 2857 895 2914 maritimis
910 2859 1036 2934 ferrum;
1059 2860 1112 2919 sed

234 2942 298 3014 ejus
312 2939 423 3012 exigua
437 2944 484 2996 est
499 2937 599 3012 copia:
621 2955 677 2994 acre
693 2941 821 2993 utuntur
835 2937 1004 3012 importabo.
1047 2939 1113 2997 Ma-

234 3021 309 3078 teria
324 3021 464 3093 cujusque
481 3017 600 3092 generis
614 3022 647 3072 ut
662 3016 693 3073 in
706 3016 806 3074 Gallia
820 3023 874 3086 cst,
885 3024 993 3092 praeter
1007 3018 1111 3090 fagum

236 3106 326 3174 atque
349 3099 486 3155 abietem.
530 3096 678 3169 Leporem
701 3101 732 3152 et
756 3095 900 3170 gallinam
922 3106 953 3152 ct
974 3115 1111 3155 anserem

181 3179 218 3235 35
234 3185 357 3253 gustare
391 3179 437 3235 ias
460 3194 520 3233 uon
542 3181 667 3250 putant;
693 3174 756 3231 baec
779 3180 883 3232 tamen
906 3176 991 3234 alunt
1017 3179 1111 3234 animi

235 3257 458 3332 voluptatisque
473 3273 573 3314 eausa.
607 3254 689 3311 Loca
704 3260 775 3311 sunt
789 3257 1003 3340 temperatiora
1019 3275 1111 3332 quam

233 3337 264 3392 iu
281 3337 387 3405 Gallia,
403 3334 626 3393 remissioribus
641 3334 811 3407 frigoribus

275 3417 319 3472 13.
344 3415 447 3471 Insula
456 3420 572 3471 natura
587 3414 742 3488 triquetra,
759 3415 844 3488 cujus
859 3432 951 3470 unum
967 3416 1049 3473 latus
1063 3423 1115 3474 est'

143 3570 148 3578 ‚
232 3500 337 3551 contra
363 3493 502 3552 Galliam.
546 3491 648 3566 Hujus
672 3491 777 3550 lateris
802 3492 879 3551 alter
899 3495 1038 3570 angulus,
1062 3497 1114 3573 qui
