2548 3774
452 307 566 354 mssa
590 307 783 356 seramus.
1019 293 1082 358 141

148 454 227 528 ferri,
239 457 380 531 jumenta
393 458 525 532 produci,
542 464 701 517 sexcentos
715 458 836 516 obsides
852 458 916 516 dari
932 457 1028 531 jubet.

147 535 195 592 Ea
209 537 263 612 qui
277 537 443 608 conficeret,
461 537 568 595 Caium
584 538 765 596 Trebonium
788 539 922 612 legatum
944 539 1030 597 relin-

144 616 227 692 quit:
249 617 322 692 ipse,
345 623 380 674 ut
399 618 637 694 quamprimum
659 617 1028 689 ite1·faceret,Gcnabum

147 695 319 754 Carnutum
354 697 568 772 proficiscitur;
603 698 654 773 qui
682 704 747 755 tum
776 699 906 773 primum
935 700 1028 756 allato

145 775 255 834 nuncio
271 777 307 834 de
327 778 552 852 oppugnatione
568 777 800 848 Vellaunoduni,
817 796 884 835 cum
906 779 1028 854 longius
1062 781 1079 840 5

143 873 210 913 eam
225 873 290 913 rem
305 858 429 914 ductum
444 858 480 914 iri
495 858 712 929 existimarent,
723 858 896 934 praesidinm
910 858 1026 918 Genabi

142 937 250 994 tuendi
266 954 366 1007 causa,
377 938 457 1012 quod
471 956 506 995 eo
521 939 685 1008 mitterent,
696 938 919 1013 comparabant.
957 940 1027 997 Huc

143 1016 236 1074 biduo
257 1018 414 1092 pervenit3
444 1018 552 1075 castris
574 1025 643 1076 ante
669 1018 809 1094 oppidum
834 1019 943 1094 positis
968 1019 1028 1077 diei

142 1101 278 1172 tempore
289 1097 428 1154 exclusus
438 1097 470 1155 in
484 1103 638 1173 posterum
651 1097 910 1174 oppugnationem
919 1099 1026 1172 differt,

142 1194 267 1252 quaeque
283 1176 321 1234 ad
335 1195 402 1234 cam
418 1195 480 1235 rem
494 1178 564 1235 usui
579 1179 649 1248 sint,
663 1178 811 1235 militibus
825 1179 973 1254 imperat3
994 1186 1026 1237 et
1041 1181 1079 1240 10

143 1257 223 1332 quod
241 1256 385 1332 oppidum
400 1256 557 1315 Genabum
578 1275 656 1334 pons
672 1257 803 1315 fluminis
819 1259 939 1333 Ligeris
960 1277 1027 1317 con·

141 1337 270 1406 tinebat,
296 1337 420 1408 veritus,
447 1356 483 1395 ne
513 1344 604 1395 noctu
627 1356 665 1396 ex
686 1339 797 1413 oppido
822 1338 1025 1414 profugerent,

142 1416 220 1473 duas
234 1416 370 1491 legiones
385 1416 414 1473 in
430 1419 521 1475 armis
536 1419 683 1475 excubare
693 1418 787 1492 jubet.
832 1418 1027 1477 Genabenses

37 1492 40 1496 ’
141 1496 234 1570 paulo
247 1502 318 1554 aute
329 1497 459 1554 mediam
472 1504 591 1556 noctem
602 1498 723 1556 silentio
738 1516 775 1556 ex
787 1498 897 1574 oppido
908 1499 1024 1574 egressi

143 1575 253 1633 flumen
270 1577 399 1634 transire
420 1583 582 1653 coepernnt.
627 1579 696 1652 Qua
710 1595 740 1635 re
754 1596 809 1653 per
822 1579 1025 1654 exploratores
1043 1580 1078 1637 15

142 1657 287 1715 nunciata
304 1657 407 1715 (iasar
420 1657 563 1732 legiones,
580 1676 657 1732 quas
672 1659 829 1733 expeditas
843 1677 910 1716 case
927 1660 1025 1733 jusse-

143 1742 199 1805 rat,
208 1735 307 1812 portis
323 1736 462 1806 incensis,
476 1738 652 1796 intromittit
666 1743 757 1812 atquc
772 1739 883 1813 oppido
898 1739 1022 1813 potitur,

141 1817 301 1892 perpaucis
312 1834 349 1873 ex
361 1816 492 1874 hostium
505 1835 629 1875 numero
640 1818 829 1886 desideratis,
840 1819 912 1893 quin
924 1819 1022 1885 cuncti

144 1897 206 1953 vivi
221 1901 408 1971 caperentur,
424 1897 504 1972 quod
524 1897 627 1972 pontis
648 1903 737 1973 atque
752 1898 893 1955 itinerum
916 1916 1025 1973 angus-

141 1976 192 2034 tia
221 1976 428 2034 multitudinis
452 1977 555 2051 fugam
580 1977 818 2036 intercluserant.
872 1977 1023 2054 Oppidum
1040 1981 1078 2038 20

142 2056 246 2132 diripit
261 2061 351 2131 atque
367 2057 508 2126 incendit,
519 2057 652 2132 praedam
667 2058 814 2116 militibus
829 2058 932 2129 donat,
945 2076 1026 2116 excr-

142 2136 234 2193 citum
257 2136 393 2212 Ligerim
414 2137 583 2194 transducit
600 2143 689 2213 atque
711 2138 741 2194 in
764 2137 936 2213 Biturigum
951 2138 1025 2197 fines

142 2216 289 2291 pervenit.
683 2255 685 2260 -

184 2298 228 2353 12.
251 2296 484 2366 Vercingetorix
499 2295 549 2353 ubi
565 2296 602 2353 de
619 2293 746 2354 Oaesaris
761 2297 896 2355 adventu
917 2315 1024 2372 cogno·

143 2375 193 2446 vit,
209 2377 435 2451 oppugnatione
451 2376 569 2433 destitit
583 2382 672 2451 atque
695 2376 815 2434 obviam
832 2376 944 2434 Oaesari
959 2395 1024 2453 pro
1038 2379 1075 2437 25

142 2455 294 2514 ficiscitur.
337 2457 393 2513 Ille
415 2456 558 2531 oppidum
580 2456 754 2530 Biturigum
774 2456 906 2531 positum
928 2457 958 2514 in
973 2457 1024 2514 via

141 2533 361 2592 Noviodunum
375 2553 551 2611 oppugnare
564 2535 746 2594 instituerat.
777 2537 843 2609 Quo
858 2554 896 2594 ex
909 2537 1022 2611 oppido

141 2631 210 2670 cum
226 2614 320 2690 legati
342 2615 380 2673 ad
401 2633 469 2672 cum
485 2615 642 2675 uenissent
655 2621 782 2684 oratum,
798 2621 832 2673 ut
850 2616 906 2673 sibi
923 2617 1024 2691 ignos-

141 2700 223 2752 ceret
237 2712 359 2770 suaeque
373 2690 445 2752 vitae
466 2695 649 2769 consuleret²
670 2702 705 2753 ut
719 2696 871 2753 celeritate
890 2696 1022 2772 reliquas

141 2791 190 2832 res
211 2774 378 2845 conficeret,
394 2793 454 2851 qua
474 2775 617 2850 pleraque
638 2781 704 2832 erat
724 2780 914 2847 consecutus,
937 2780 1075 2836 armatii)

141 2854 280 2924 conferri,
296 2873 390 2930 equos
410 2854 544 2931 produci,
568 2854 689 2912 obsides
710 2855 775 2912 dari
791 2855 885 2929 jubet.
929 2855 1021 2914 Parte

140 2934 207 3009 jam
223 2933 362 2992 obsidum
377 2935 491 2992 tradita
514 2952 583 2992 cum
597 2934 713 3009 reliqua
730 2935 1020 3004 administrarentur,

141 3014 371 3072 centurionibus
396 3021 427 3072 et
453 3014 557 3090 paucis
582 3014 730 3072 militibus
754 3015 945 3085 intromissis,
969 3015 1024 3090 qui

141 3110 228 3151 arma
248 3094 445 3169 jumentaque
468 3094 685 3170 conquirerent,
709 3095 863 3169 equitatus
887 3094 1021 3152 hostium

140 3173 245 3248 procul
261 3174 346 3231 visus
361 3179 416 3243 est,
429 3174 479 3248 qui
494 3191 604 3248 agmen
614 3173 874 3248 Vercingetorigis
890 3179 1022 3232 anteces-
1035 3178 1071 3236 35

141 3258 232 3310 serat
290 3254 387 3326 Quem
415 3254 598 3329 simulatque
626 3253 771 3328 oppidani
800 3259 1021 3328 conspexerunt

143 3337 234 3407 atque
263 3332 294 3390 in
324 3350 408 3407 spem
437 3333 541 3392 auxilii
562 3339 717 3403 venerunt,
739 3333 867 3389 clamore
900 3333 1022 3389 sublato

142 3429 229 3469 arma
250 3429 363 3487 capere,
379 3419 483 3487 portas
503 3413 650 3482 claudere,
666 3429 786 3469 murum
800 3411 946 3486 complere
968 3428 1024 3467 coe·

141 3497 263 3569 perunt.
310 3492 510 3552 Centuriones
534 3492 566 3549 in
590 3491 699 3568 oppido
723 3507 791 3547 cum
815 3506 853 3546 ex
876 3487 1022 3564 significa-
