2548 3774
154 273 213 338 168
416 289 463 336 na
489 289 609 337 anuto
635 289 808 338 clearco.

201 437 260 514 ipsi
277 439 508 514 judicavissent,
524 457 584 516 quo
601 441 822 517 procedendum
837 446 891 498 aut
903 443 976 516 quid
990 459 1078 516 agen·

201 518 273 576 dum
291 520 451 590 videretur,
468 537 563 594 neque
585 521 673 595 signo
693 521 857 595 recipiendi
878 520 950 578 dato
972 521 1077 578 consti

200 599 318 669 tissent,
334 616 429 674 neque
446 617 463 656 a
476 600 608 657 tribunis
623 600 753 657 militum
774 599 942 676 legatisque
957 600 1077 658 retineri

198 677 384 754 potuissent:
406 680 555 753 exposuit,
568 680 640 754 quid
655 681 800 755 iniquitas
810 679 867 737 loci
881 686 993 754 posset,
1004 681 1078 755 quid

169 758 264 833 5ipse
286 758 325 815 ad
347 759 512 816 Avaricum
534 760 689 830 sensisset,
705 778 774 817 cum
795 761 860 816 sine
879 760 952 817 duce
967 766 999 816 et
1013 760 1078 817 sine

199 838 336 914 equitatu
351 838 547 913 deprebensis
563 839 701 896 hostibus
716 839 903 915 exploratam
917 839 1078 899 victoriam

199 917 374 987 dimisisset,
397 936 434 974 ne
453 936 582 993 parvum
605 919 694 977 modo
719 919 934 977 detrimentum
955 920 987 975 in
1011 937 1079 976 con·

198 997 332 1055 tentione
347 1005 469 1073 propter
482 998 671 1073 iniquitatem
684 999 741 1057 loci
756 999 911 1057 accideret.
955 1000 1078 1072 Quanto

199 1094 286 1152 opere
300 1094 402 1135 eorum
418 1078 509 1134 animi
525 1079 766 1152 magnitudinem
781 1079 988 1149 admiraretur,
1001 1097 1078 1154 quos

151 1156 183 1214 10
199 1174 259 1214 non
273 1163 441 1214 castrorum
455 1158 648 1229 munitiones,
664 1176 724 1216 non
740 1158 870 1216 altitudo
885 1159 1005 1229 mentia,
1016 1177 1078 1217 non

198 1254 302 1294 murus
324 1237 425 1312 oppidi
440 1237 561 1294 tardare
580 1239 749 1313 potuisset3
771 1243 858 1295 tanto
879 1255 967 1314 opere
988 1238 1078 1296 licen-

197 1317 272 1373 tiam
295 1317 558 1392 arrogantiamque
586 1317 810 1392 reprehendere,
839 1319 919 1393 quod
946 1317 1015 1393 plus
1043 1336 1078 1376 se

198 1414 289 1470 quam
311 1397 522 1471 imperatorem
545 1397 581 1454 de
598 1399 724 1455 victoria
749 1404 838 1473 atque
866 1397 949 1455 e‘xitu
975 1415 1076 1454 rerum

198 1477 309 1532 sentire
324 1477 550 1549 existimarent3
573 1495 627 1534 neo
643 1479 742 1534 minus
757 1495 789 1534 se
805 1478 835 1534 in
850 1477 946 1534 milite
961 1478 1079 1535 modes·

148 1556 182 1614 15
197 1555 272 1612 tiam
294 1561 326 1612 et
348 1556 564 1614 continentiam
587 1575 678 1632 quam
701 1558 843 1615 virtutem
869 1563 959 1632 atque
983 1557 1076 1614 animi

197 1636 437 1710 magnitudinem
452 1636 629 1694 desiderare.

235 1720 283 1775 53.
307 1716 375 1774 Hac
390 1716 494 1775 habita
508 1716 649 1774 concione
664 1716 744 1773 etad
759 1722 925 1774 extremum
941 1716 1077 1774 oratione
1166 1763 1168 1768 .

197 1795 380 1853 confirmatis
395 1797 551 1864 militibus,
564 1814 601 1853 ne
617 1797 655 1853 ob
668 1797 745 1854 hanc
756 1814 879 1854 causam
896 1796 996 1852 animo
1011 1815 1078 1871 per-

196 1881 397 1945 moverentur,
420 1894 487 1946 nen,
510 1877 591 1951 quod
615 1876 760 1952 iniquitas
785 1877 842 1934 loci
866 1875 1027 1947 attulisset,
1043 1877 1076 1934 id

146 1956 182 2012 20
198 1955 304 2012 virtuti
325 1955 459 2013 hostium
482 1957 664 2014 tribuerent:
694 1956 799 2014 eadem
825 1956 862 2013 de
889 1955 1076 2032 profectione

196 2036 342 2109 cogitans,
373 2054 439 2110 quae
467 2042 537 2093 ante
566 2043 710 2106 senserat,
736 2037 871 2110 legiones
899 2053 937 2092 cx
965 2036 1076 2093 castris

196 2114 300 2172 eduxit
315 2116 470 2190 aciemque
485 2116 593 2173 idoneo
615 2117 680 2173 loeo
694 2117 861 2174 constituit.
906 2115 983 2173 Cum
999 2115 1076 2172 Ver·

196 2194 360 2268 cingetorix
371 2195 464 2253 nihilo
477 2196 575 2271 magis
587 2196 618 2253 in
628 2213 746 2271 acquum
759 2197 856 2252 locum
869 2195 1075 2266 descenderet,

136 2345 139 2351 Ι
195 2273 348 2333 levifacto
363 2276 494 2350 equestri
509 2275 614 2350 proelio
626 2282 716 2350 atque
732 2293 767 2332 eo
783 2275 914 2332 secundo
928 2275 958 2333 in
975 2282 1076 2332 castra

143 2355 179 2410 25
195 2355 358 2414 exercitum
373 2356 499 2413 reduxit.
540 2355 617 2414 (ium
633 2356 690 2413 hoc
705 2356 784 2413 idem
799 2361 919 2430 postero
931 2355 979 2412 dic
990 2355 1076 2412 fecis-

196 2439 251 2503 set,
274 2436 349 2493 satis
377 2436 415 2493 ad
443 2436 589 2496 Gallicam
615 2436 848 2492 ostentationem
877 2435 1074 2492 minuendam

195 2514 384 2590 militumque
399 2517 517 2573 animos
528 2515 748 2574 confirmandos
761 2516 873 2572 factum
885 2515 1072 2584 existimans

194 2593 226 2649 in
241 2594 359 2652 AEduos
374 2595 469 2652 movit
484 2602 591 2653 castra.
635 2595 663 2652 N
666 2614 681 2652 c
696 2600 760 2652 tum
784 2594 904 2670 quidem
927 2595 1074 2652 insecutis

196 2673 335 2731 hostibus
358 2675 447 2732 tertio
471 2676 519 2734 dic
543 2676 581 2733 ad
604 2675 713 2732 flrrmen
731 2674 843 2732 Elaver
856 2680 965 2748 pontes
979 2674 1075 2732 reficit

142 2755 180 2812 30
196 2759 284 2828 atque
299 2755 462 2811 exercitum
477 2756 654 2813 transducit.

95 2899 97 2902 ¹
235 2835 280 2891 54.
304 2834 350 2890 lbi
373 2845 390 2891 a
413 2834 606 2893 Viridomaro
627 2842 717 2910 atque
739 2833 946 2908 Eporedorige
962 2833 1074 2890 AEduis

195 2914 363 2986 appellatus
379 2915 477 2984 discit,
493 2933 561 2973 cum
584 2915 664 2972 omni
687 2915 824 2989 equitatu
846 2913 1018 2971 lritavicum
1034 2913 1072 2972 ad

194 2993 400 3051 sollicitandos
429 2993 547 3052 AEduos
574 2995 759 3070 profectum:
792 3011 867 3069 opus
895 3011 961 3050 esse
989 2993 1075 3066 ipsos

105 3103 106 3106 ¹
195 3073 369 3131 antecedere
385 3074 421 3131 ad
438 3075 670 3132 confirmandam
686 3075 850 3132 civitatem.
887 3073 955 3130 lltsi
968 3073 1074 3130 multis

142 3154 178 3210 35
196 3153 261 3224 jam
276 3154 365 3210 rebus
379 3154 536 3228 perfidiam
550 3154 719 3211 AEduorum
738 3159 926 3228 perspectam
943 3153 1073 3210 babebat

194 3237 284 3305 atque
300 3231 406 3288 horum
428 3232 564 3289 discessu
586 3234 772 3290 admaturari
790 3233 988 3290 defectionem
1003 3233 1074 3290 civi·

193 3310 268 3365 tatis
295 3310 498 3378 existimabat,
524 3318 625 3369 tamen
650 3331 702 3370 cos
722 3312 897 3370 retinendos
921 3330 980 3370 non
1007 3331 1075 3370 cou-

193 3385 303 3457 stituit,
319 3406 356 3445 ne
377 3395 429 3446 aut
452 3391 560 3446 inferre
583 3393 722 3467 injuriam
744 3393 899 3450 videretur
924 3397 977 3450 aut
1002 3393 1074 3450 dare

192 3465 310 3522 timoris
339 3468 470 3542 aliquam
498 3470 708 3544 suspicionem.
762 3467 997 3531 Discedentibus
1025 3472 1076 3533 bis
