2548 3774
465 310 579 358 arnna
602 310 778 369 anxurus.
1049 297 1091 364 93

160 479 221 539 quo
236 466 305 520 ante
321 460 359 518 ab
373 461 460 519 nobis
475 461 589 520 dictum
604 465 660 519 est.
704 460 795 520 Hunc
810 479 912 521 secum
928 455 1037 522 habere

160 542 192 600 in
219 542 557 618 primiseonstituerat,
580 541 751 617 quodcum
775 543 915 618 cupidum
939 561 1037 600 rerum

159 639 318 692 novarum,
341 621 484 695 cupidum
512 621 638 696 imperii,
660 621 767 695 magui
795 622 895 692 animi,
917 640 1037 696 nagnae

159 701 239 760 inter
248 701 351 759 Gallos
361 700 550 758 auctoritatis
561 707 754 774 cognoverat.
784 702 958 760 Accedebat
970 702 1036 773 hue,

159 781 240 856 quod
258 783 322 854 jam
343 779 374 836 in
397 780 521 837 concilio
535 779 705 848 AEduorum
728 779 898 839 Dumnorix
911 782 1035 852 dixerat,
1071 783 1089 841 5

159 860 216 918 sibi
231 878 250 917 a
261 860 380 918 Oaesarc
395 876 521 933 regnum
536 859 671 917 civitatis
682 859 807 917 deferri:
829 862 908 935 quod
923 862 1037 919 dictum

158 940 253 999 AEdui
274 940 409 1014 graviter
425 939 569 1009 ferebant,
585 956 681 1014 neque
696 940 854 998 recusandi
870 945 923 998 aut
937 941 1039 1018 depre-

157 1019 244 1077 candi
260 1036 352 1076 eausa
364 1018 483 1092 legatos
504 1019 542 1076 ad
558 1018 710 1076 Oaesarem
731 1020 851 1078 mittere
873 1020 1035 1080 audebant.

158 1099 195 1157 Id
220 1100 333 1156 iactum
361 1115 400 1155 ex
426 1097 490 1155 suis
520 1097 690 1172 hospitibus
714 1098 817 1157 Caesor
844 1106 1036 1174 cognoverat.

158 1178 213 1236 Ille
236 1179 375 1236 omnibus
389 1177 487 1253 primo
502 1177 640 1254 precibus
653 1184 754 1254 petere
770 1180 934 1251 contendit,
951 1187 985 1238 ut
1006 1181 1037 1238 in
1055 1184 1090 1242 lo

157 1257 258 1316 Gallia
279 1258 517 1333 relinqueretur;
539 1257 661 1332 partim,
683 1259 764 1333 quod
788 1259 928 1316 insuetus
955 1261 1038 1317 navi-

156 1339 251 1413 gandi
273 1355 356 1394 mare
377 1337 515 1411 timeret;
535 1337 656 1413 partim,
672 1338 752 1413 quod
773 1338 971 1412 religionibus
986 1340 1039 1396 im·

155 1418 251 1494 pediri
274 1435 340 1475 sese
361 1416 480 1475 diecret.
529 1417 732 1493 Posteaquam
755 1417 785 1476 id
807 1419 957 1476 obstinate
979 1420 1038 1480 sibi

154 1498 261 1573 negari
276 1497 362 1564 vidit,
371 1495 451 1553 omni
467 1513 519 1572 spe
533 1496 714 1571 impetrandi
727 1497 876 1574 adempta,
889 1499 1039 1574 principes

155 1577 263 1636 Galliae
299 1576 472 1645 sollicitare,
507 1593 650 1634 sevocare
685 1577 825 1651 singulos
846 1577 1036 1653 hortarique
1054 1580 1089 1640 15

154 1659 252 1733 coepit,
268 1657 314 1714 uti
330 1657 361 1714 in
380 1655 548 1713 continenti
563 1663 771 1730 remanerent3
792 1663 875 1714 metu
889 1659 1036 1729 territare,

154 1755 216 1794 non
238 1738 303 1794 sine
323 1751 416 1794 causa
431 1734 501 1806 fieri,
519 1740 554 1792 ut
569 1735 670 1794 Gallie
690 1737 773 1794 omni
795 1736 955 1794 nobilitate
971 1755 1038 1812 spo·

153 1816 295 1874 liaretur:
317 1815 348 1873 id
363 1831 430 1872 esse
445 1815 605 1872 eonsilium
624 1815 764 1886 Caesaris,
778 1821 819 1886 ut,
832 1833 909 1892 quos
923 1817 954 1874 in
970 1835 1037 1874 con-

153 1902 261 1970 spectu
286 1895 392 1954 Galliae
417 1893 583 1952 interficere
609 1900 771 1962 vereretur,
796 1895 852 1954 hos
877 1913 982 1954 omnes
1004 1898 1036 1955 in

153 1976 343 2034 Britanniam
363 1973 558 2032 transductos
578 1980 718 2033 necaret:
740 1974 827 2032 fidem
849 1976 973 2052 reliquis
994 1977 1037 2034 iu·
1051 1978 1089 2036 20

153 2061 319 2131 terponere,
327 2054 538 2128 jusjurandum
552 2071 683 2130 poscere,
696 2063 738 2119 ut,
749 2055 828 2129 quod
843 2073 911 2113 esse
926 2074 963 2113 ex
978 2074 1036 2114 usu

155 2135 261 2194 Galliae
277 2133 509 2202 intellexissent,
525 2134 677 2191 communi
698 2135 825 2192 consilio
846 2135 1037 2193 administra·
1087 2188 1089 2194 ,

153 2221 229 2274 rent.
266 2215 341 2272 Haec
356 2231 374 2270 a
387 2212 588 2288 compluribus
603 2213 642 2271 ad
654 2213 804 2272 (laesarem
814 2214 1033 2275 deferebantur.

193 2297 219 2356 ἵ.
244 2295 365 2367 Quare
389 2292 513 2367 cognita
538 2291 648 2363 Caesar,
668 2294 748 2369 quod
773 2299 892 2351 tantum
917 2295 1035 2354 civitati

152 2374 262 2432 AEduae
277 2372 439 2448 dignitatis
452 2372 609 2442 tribuerat,
622 2374 816 2432 coercendum
833 2381 924 2449 atque
939 2375 1035 2432 deter-
1049 2378 1086 2440 25

152 2454 289 2523 rendum,
307 2452 545 2529 quibuscumque
567 2452 657 2510 rebus
677 2459 789 2528 posset,
814 2453 1033 2528 Dumnorigem

152 2534 327 2607 statuebat3
356 2532 436 2607 quod
465 2530 586 2606 longius
613 2533 677 2607 ejus
702 2533 865 2590 amentiam
892 2535 1033 2609 progredi

152 2614 285 2682 videbat,
300 2611 554 2688 prospiciendum,
571 2612 694 2687 nequid
710 2613 767 2670 sibi
789 2631 824 2670 ae
845 2613 1030 2689 reipublicae

152 2711 258 2752 nocere
273 2697 386 2767 posset.
429 2691 538 2766 Itaque
557 2690 622 2748 dics
643 2692 760 2749 circiter
775 2692 885 2766 viginti
900 2693 1030 2768 quinque

153 2774 184 2832 in
204 2791 240 2831 eo
262 2772 327 2830 loco
348 2775 560 2842 commoratus
575 2771 656 2846 quod
673 2771 770 2830 Corus
784 2778 893 2829 ventus
909 2773 1032 2847 naviga·
1045 2776 1083 2833 30

151 2854 266 2910 tionem
281 2851 473 2927 impediebat,
489 2850 540 2925 qui
556 2868 699 2924 magnam
714 2857 830 2928 partem
845 2853 943 2909 onmis
958 2858 1031 2910 tem-

150 2933 233 3009 poris
250 2933 287 2989 ¹in
310 2932 357 2989 his
374 2931 448 2989 locis
463 2927 532 2988 llare
554 2931 719 3001 consuevit,
735 2931 829 2988 dabat
850 2949 980 3006 operam,
997 2937 1030 2989 ut

150 3012 183 3070 in
216 3011 311 3070 officio
346 3010 564 3084 Dumnorigem
599 3011 773 3080 contineret,
802 3010 894 3068 nihilo
926 3018 1028 3069 tamen

150 3093 250 3150 secius
279 3091 380 3149 omnio
407 3091 472 3164 ejus
506 3089 634 3147 consilia
660 3095 871 3165 cognosceret:
906 3091 1028 3149 tandem

149 3172 290 3230 idoneam
319 3175 428 3228 nactus
456 3174 667 3245 tempestatem
707 3170 818 3227 milites
852 3170 1027 3245 equitesque
1042 3172 1078 3229 35

151 3251 351 3311 conscendere
379 3266 473 3306 naves
497 3249 591 3323 jubet.
647 3250 692 3306 At
715 3250 849 3307 omnium
874 3250 1027 3324 impeditis

151 3331 269 3403 animis,
286 3330 457 3388 Dumnorix
476 3347 543 3386 cum
565 3329 717 3404 equitibus
738 3328 907 3386 AEduorum
928 3347 946 3387 a
967 3347 1030 3387 cas·

151 3411 213 3481 tris,
226 3410 374 3468 insciente
386 3408 513 3478 Caesare,
526 3409 647 3466 domum
663 3409 816 3466 discedere
828 3409 927 3482 ooepit.
960 3409 1029 3482 Qua

150 3508 180 3550 re
211 3491 357 3549 nunciata
383 3488 493 3560 Oaesar,
518 3488 691 3546 intermissa
724 3488 907 3565 profectione
936 3494 1027 3562 atque
