2548 3774
172 299 220 365 *84
444 315 490 362 na
516 313 638 362 nanno
665 313 839 363 ennnrco.

229 466 316 542 gravi
332 483 483 524 armorum
499 482 587 522 onere
603 465 764 541 oppressis,
780 465 867 523 simul
882 466 964 524 etde
980 467 1110 526 naribus

165 587 166 598 ,
228 546 426 605 desiliendum
457 545 541 603 etin
567 545 706 603 fluctibus
730 545 955 604 consistendum
987 553 1019 605 et
1043 565 1110 604 cum

230 627 369 684 hostibus
383 631 449 684 erat
462 626 677 702 pugnandum:
694 643 762 683 cum
776 626 820 683 illi
836 632 890 683 aut
903 643 940 683 ex
955 627 1047 697 arido,
1058 631 1110 684 aut

227 707 383 783 paululum
399 707 428 764 in
444 723 553 781 aquam
568 707 729 781 progressi,
746 706 885 763 omnibus
899 706 1042 764 membris
1062 724 1111 764 ex·

164 787 168 794 '
196 787 329 862 bpediti,
346 786 512 843 notissimis
534 785 616 855 locis,
633 785 777 843 audacter
797 786 858 843 tela
880 786 1059 860 conjicerent
1079 792 1110 844 et

228 884 322 942 equos
343 867 527 924 insuefactos
548 865 718 924 incitarent.
762 866 879 939 Quibus
903 867 993 923 rebus
1014 866 1110 924 nostri

228 947 380 1021 perterriti
405 952 494 1021 atque
510 945 599 1020 hujus
614 945 736 1002 omnino
757 946 876 1020 generis
896 963 1005 1021 pugnae
1020 945 1111 1021 impe·

229 1027 289 1096 riti,
305 1043 364 1082 non
379 1025 485 1082 eadem
500 1025 657 1082 alacritate
674 1042 708 1082 ac
723 1026 834 1096 studi0,
850 1042 909 1101 quo
923 1025 954 1082 in
968 1025 1111 1102 pedestri·

229 1106 285 1164 bus
300 1106 343 1163 uti
357 1106 469 1181 proellis
484 1110 712 1175 consueverant,
728 1104 910 1163 nitebantur.

178 1185 212 1242 10
269 1188 314 1244 25.
337 1185 425 1259 Quod
447 1185 498 1241 uhi
514 1184 617 1242 Caesar
635 1184 859 1254 animadvertit,
876 1201 970 1242 naves
990 1184 1108 1259 longas

228 1283 354 1340 quarum
368 1272 399 1322 et
414 1264 529 1339 species
543 1270 609 1322 erat
623 1264 760 1321 barbaris
776 1265 948 1323 inusitatior
966 1272 997 1323 ct
1008 1271 1110 1322 motus

230 1346 268 1402 ad
290 1363 378 1402 usum
397 1344 574 1418 expeditior,
590 1345 714 1420 paulum
734 1345 882 1402 removeri
904 1345 943 1402 ab
964 1345 1110 1402 onerariis

229 1425 358 1482 navibus
373 1432 404 1481 et
419 1425 510 1481 remis
529 1424 647 1481 incitari
672 1425 761 1482 etad
783 1425 864 1482 letus
886 1430 1022 1500 apertum
1044 1424 1111 1482 hos·

228 1506 304 1562 tium
320 1503 473 1575 constitui,
485 1509 575 1579 atque
591 1503 660 1561 inde
676 1503 784 1575 fundis,
796 1504 927 1579 sagittis,
940 1505 1109 1575 tormentis

177 1586 212 1642 15
230 1585 333 1642 hostes
348 1583 475 1659 propelli
492 1601 526 1641 ac
541 1583 713 1640 submoveri
724 1585 834 1658 jussit:
857 1601 982 1658 quaeres
998 1602 1110 1658 magno

228 1665 297 1721 usui
312 1664 425 1721 nostris
440 1663 505 1722 fuit.
541 1662 623 1720 Nam
635 1670 666 1721 et
676 1664 801 1720 navium
813 1663 949 1739 figuract
959 1681 1109 1740 remorum

226 1751 312 1801 metu
327 1751 358 1801 et
373 1743 519 1802 inusitato
534 1761 644 1817 genere
659 1741 877 1801 tormentorum
892 1742 1022 1818 permoti
1044 1745 1111 1801 bar·

226 1824 290 1881 bari
305 1824 505 1881 constiterunt
520 1841 554 1880 ac
568 1822 693 1898 paulurn
708 1822 797 1880 modo
811 1823 918 1897 pedem
932 1821 1108 1884 retulerunt

229 1903 330 1978 Atque
340 1902 452 1961 nostris
462 1903 610 1960 militibus
620 1902 840 1971 cunctantibus,
848 1903 976 1960 maxime
988 1910 1110 1978 propter

175 1985 211 2041 20
227 1983 418 2040 altitudinem
433 1983 594 2057 maris,qui
605 1982 729 2040 decimae
741 1983 869 2056 legionis
885 1983 1016 2056 aquilam
1032 1983 1107 2040 fere·

227 2063 289 2133 bat,
305 2067 494 2120 contestatus
509 2062 591 2133 deos,
607 2069 642 2119 ut
657 2079 693 2118 ea
708 2079 757 2120 res
778 2062 890 2136 legioni
905 2061 1030 2119 feliciter
1043 2080 1111 2120 eve-

225 2143 321 2200 niret:
343 2142 526 2211 “Dcsilite,”
541 2142 647 2217 inquit,
664 2147 680 2172 “
691 2141 919 2211 commilitones,
935 2141 994 2200 nisi
1014 2142 1109 2201 vultis

226 2223 358 2298 aquilam
373 2222 512 2278 hostibus
526 2222 669 2296 prodere:
691 2239 747 2296 ego
759 2227 838 2279 certe
853 2239 953 2278 meum
968 2221 1110 2296 reipubli-

226 2319 266 2359 cae
283 2309 372 2377 atqne
388 2301 561 2376 imperatori
576 2301 703 2359 officium
717 2302 915 2377 praestitero.”
955 2301 1023 2359 Hoc
1039 2319 1108 2360 cum

174 2382 210 2439 25
227 2399 339 2456 magna
360 2399 432 2438 voce
454 2380 587 2452 dixisset,
610 2398 642 2438 sc
663 2399 700 2438 ex
721 2381 792 2437 navi
819 2380 944 2457 projecit
964 2386 1055 2456 atque
1076 2383 1108 2439 in

228 2460 332 2518 hostes
354 2461 487 2535 aquilam
504 2461 578 2518 ferre
600 2461 697 2536 coepit.
741 2461 819 2519 Tum
840 2461 936 2518 nostri
957 2460 1107 2520 cohortati

227 2541 307 2598 inter
328 2557 368 2608 se,
384 2558 421 2596 nc
443 2546 562 2597 tantum
584 2539 715 2598 dedecus
736 2540 955 2610 admitteretur,
971 2541 1106 2598 universi

226 2637 262 2676 ex
278 2621 348 2677 navi
363 2619 566 2678 desiluerunt:
589 2619 645 2677 hos
666 2620 740 2676 item
755 2637 792 2676 ex
810 2620 954 2696 proximis
974 2621 1107 2679 navibus

226 2717 294 2756 cum
322 2701 558 2775 conspexissent,
589 2699 742 2757 subsecuti
778 2699 917 2758 hostibus
950 2701 1107 2776 appropin-

173 2780 211 2836 30
226 2785 364 2853 quarunt.

265 2861 310 2917 26.
334 2859 509 2932 Pugnatum
524 2863 572 2916 est
587 2857 624 2915 ab
638 2857 775 2932 utrisque
791 2858 916 2917 aeriter:
938 2858 1034 2916 nostri
1058 2863 1107 2917 ta·

224 2955 301 3007 meu,
313 2937 392 3014 quod
405 2956 499 3014 neque
511 2938 632 2996 ordines
641 2955 761 2995 servare
778 2955 873 3013 neque
884 2938 1008 2995 firmiter
1016 2938 1107 2996 insis-

224 3021 287 3074 tere
307 3035 401 3093 neque
424 3018 512 3093 sigua
527 3017 667 3093 subsequi
683 3023 831 3092 poterant,
842 3027 933 3093 atque
948 3017 1029 3075 alius
1044 3019 1107 3077 alia

224 3115 261 3154 ex
282 3097 361 3168 navi,
377 3097 612 3173 quibuscumque
634 3097 731 3171 signis
753 3103 930 3166 occurrerat,
947 3113 979 3154 sc
1001 3115 1107 3172 aggre-

172 3178 208 3233 35
225 3177 327 3249 gabat,
356 3194 539 3251 magnopere
566 3176 827 3250 perturbabantur.
884 3176 1000 3234 Hostes
1024 3195 1104 3248 vero,

225 3255 305 3312 notis
320 3255 460 3312 omnibus
475 3255 570 3325 vadis,
583 3255 636 3312 ubi
650 3273 688 3312 ex
700 3255 789 3313 litore
804 3256 920 3331 aliquos
934 3256 1106 3330 singulares

225 3350 262 3388 ex
276 3333 348 3390 navi
362 3335 552 3408 egredientes
566 3341 792 3409 conspexerant,
808 3335 940 3393 incitatis
954 3336 1040 3411 equis
1054 3337 1107 3394 im·

226 3411 345 3485 peditos
374 3412 603 3470 adoriebantur:
637 3413 739 3488 plures
766 3431 880 3489 paucos
904 3415 1105 3474 circumsiste-

229 3489 317 3547 bant:
340 3489 391 3547 alii
412 3491 451 3547 ab
465 3491 557 3548 latere
580 3498 684 3568 aperto
705 3493 738 3550 iu
758 3494 917 3552 universos
937 3493 999 3552 tela
1016 3496 1104 3570 conji-
