<?xml version="1.0" encoding="UTF-8"?>
<!DOCTYPE html PUBLIC "-//W3C//DTD XHTML 1.0 Transitional//EN"
    "http://www.w3.org/TR/xhtml1/DTD/xhtml1-transitional.dtd">
<html xmlns="http://www.w3.org/1999/xhtml" xml:lang="en" lang="en">
 <head>
  <title>
</title>
<meta http-equiv="Content-Type" content="text/html;charset=utf-8" />
  <meta name='ocr-system' content='tesseract 3.04.00' />
  <meta name='ocr-capabilities' content='ocr_page ocr_carea ocr_par ocr_line ocrx_word'/>
</head>
<body>
  <div class='ocr_page' id='page_1' title='image "./caiijuliicaesar03caesgoog_0053.png"; bbox 0 0 2524 3776; ppageno 0'>
   <div class='ocr_carea' id='block_1_1' title="bbox 463 297 1098 362">
    <p class='ocr_par' dir='ltr' id='par_1_1' title="bbox 463 297 1098 362">
     <span class='ocr_line' id='line_1_1' title="bbox 463 297 1098 362; baseline 0.008 -5"><span class='ocrx_word' id='word_1_1' title='bbox 463 310 578 358; x_wconf 78' lang='lat' dir='ltr'><strong>arnna</strong></span> <span class='ocrx_word' id='word_1_2' title='bbox 602 311 806 362; x_wconf 81' lang='lat' dir='ltr'><strong>sneunnus.</strong></span> <span class='ocrx_word' id='word_1_3' title='bbox 1055 297 1098 362; x_wconf 75' lang='lat'><strong>46</strong></span> 
     </span>
    </p>
   </div>
   <div class='ocr_carea' id='block_1_2' title="bbox 157 461 1100 3570">
    <p class='ocr_par' dir='ltr' id='par_1_2' title="bbox 163 461 1096 1735">
     <span class='ocr_line' id='line_1_2' title="bbox 164 461 1046 540; baseline 0.001 -20"><span class='ocrx_word' id='word_1_4' title='bbox 164 468 343 520; x_wconf 87' lang='lat' dir='ltr'><strong>cumventos</strong></span> <span class='ocrx_word' id='word_1_5' title='bbox 364 461 586 520; x_wconf 89' lang='lat' dir='ltr'><strong>interfecerunt.</strong></span> <span class='ocrx_word' id='word_1_6' title='bbox 630 461 746 520; x_wconf 79' lang='lat' dir='ltr'><strong>Hostes</strong></span> <span class='ocrx_word' id='word_1_7' title='bbox 771 463 869 521; x_wconf 87' lang='lat' dir='ltr'><strong>abiet</strong></span> <span class='ocrx_word' id='word_1_8' title='bbox 884 463 920 521; x_wconf 93' lang='lat' dir='ltr'><strong>de</strong></span> <span class='ocrx_word' id='word_1_9' title='bbox 935 481 1046 540; x_wconf 83' lang='lat' dir='ltr'><strong>expug-</strong></span> 
     </span>
     <span class='ocr_line' id='line_1_3' title="bbox 165 541 1044 619; baseline 0.003 -21"><span class='ocrx_word' id='word_1_10' title='bbox 165 543 264 599; x_wconf 89' lang='lat' dir='ltr'><strong>nando</strong></span> <span class='ocrx_word' id='word_1_11' title='bbox 290 542 401 618; x_wconf 90' lang='lat' dir='ltr'><strong>oppido</strong></span> <span class='ocrx_word' id='word_1_12' title='bbox 426 547 457 599; x_wconf 93' lang='lat' dir='ltr'><strong>et</strong></span> <span class='ocrx_word' id='word_1_13' title='bbox 483 542 519 599; x_wconf 91' lang='lat' dir='ltr'><strong>de</strong></span> <span class='ocrx_word' id='word_1_14' title='bbox 546 541 668 599; x_wconf 89' lang='lat' dir='ltr'><strong>flumine</strong></span> <span class='ocrx_word' id='word_1_15' title='bbox 693 543 879 601; x_wconf 89' lang='lat' dir='ltr'><strong>transeundo</strong></span> <span class='ocrx_word' id='word_1_16' title='bbox 904 560 988 619; x_wconf 90' lang='lat' dir='ltr'><strong>spem</strong></span> <span class='ocrx_word' id='word_1_17' title='bbox 1012 560 1044 602; x_wconf 90' lang='lat' dir='ltr'><strong>se</strong></span> 
     </span>
     <span class='ocr_line' id='line_1_4' title="bbox 164 621 1046 697; baseline 0.002 -19"><span class='ocrx_word' id='word_1_18' title='bbox 164 621 308 679; x_wconf 79' lang='lat' dir='ltr'><strong>fefellisse</strong></span> <span class='ocrx_word' id='word_1_19' title='bbox 327 621 548 692; x_wconf 85' lang='lat' dir='ltr'><strong>intellexerunt,</strong></span> <span class='ocrx_word' id='word_1_20' title='bbox 566 639 663 697; x_wconf 93' lang='lat' dir='ltr'><strong>neque</strong></span> <span class='ocrx_word' id='word_1_21' title='bbox 678 629 799 680; x_wconf 87' lang='lat' dir='ltr'><strong>nostros</strong></span> <span class='ocrx_word' id='word_1_22' title='bbox 820 622 851 680; x_wconf 91' lang='lat' dir='ltr'><strong>in</strong></span> <span class='ocrx_word' id='word_1_23' title='bbox 872 622 971 680; x_wconf 91' lang='lat' dir='ltr'><strong>locum</strong></span> <span class='ocrx_word' id='word_1_24' title='bbox 993 623 1046 680; x_wconf 91' lang='lat' dir='ltr'><strong>ini·</strong></span> 
     </span>
     <span class='ocr_line' id='line_1_5' title="bbox 164 701 1044 778; baseline 0.001 -19"><span class='ocrx_word' id='word_1_25' title='bbox 164 701 300 777; x_wconf 87' lang='lat' dir='ltr'><strong>quierem</strong></span> <span class='ocrx_word' id='word_1_26' title='bbox 322 701 462 777; x_wconf 81' lang='lat' dir='ltr'>progredi</span> <span class='ocrx_word' id='word_1_27' title='bbox 488 701 645 777; x_wconf 87' lang='lat' dir='ltr'><strong>pugnandi</strong></span> <span class='ocrx_word' id='word_1_28' title='bbox 667 719 760 759; x_wconf 88' lang='lat' dir='ltr'><strong>causa</strong></span> <span class='ocrx_word' id='word_1_29' title='bbox 782 703 931 772; x_wconf 88' lang='lat' dir='ltr'><strong>viderunt,</strong></span> <span class='ocrx_word' id='word_1_30' title='bbox 954 709 1044 778; x_wconf 89' lang='lat' dir='ltr'><strong>atque</strong></span> 
     </span>
     <span class='ocr_line' id='line_1_6' title="bbox 164 781 1094 858; baseline 0.004 -20"><span class='ocrx_word' id='word_1_31' title='bbox 164 781 248 857; x_wconf 90' lang='lat' dir='ltr'><strong>ipsos</strong></span> <span class='ocrx_word' id='word_1_32' title='bbox 262 799 311 838; x_wconf 88' lang='lat' dir='ltr'><strong>res</strong></span> <span class='ocrx_word' id='word_1_33' title='bbox 325 781 524 842; x_wconf 83' lang='lat' dir='ltr'><strong>frumentaria</strong></span> <span class='ocrx_word' id='word_1_34' title='bbox 539 781 663 839; x_wconf 89' lang='lat' dir='ltr'><strong>delicere</strong></span> <span class='ocrx_word' id='word_1_35' title='bbox 677 782 776 858; x_wconf 85' lang='lat' dir='ltr'><strong>coepit,</strong></span> <span class='ocrx_word' id='word_1_36' title='bbox 792 782 920 840; x_wconf 88' lang='lat' dir='ltr'><strong>concilio</strong></span> <span class='ocrx_word' id='word_1_37' title='bbox 935 799 1043 840; x_wconf 89' lang='lat' dir='ltr'><strong>convo·</strong></span> <span class='ocrx_word' id='word_1_38' title='bbox 1076 783 1094 842; x_wconf 77' lang='lat'>5</span> 
     </span>
     <span class='ocr_line' id='line_1_7' title="bbox 163 861 1044 936; baseline 0.001 -18"><span class='ocrx_word' id='word_1_39' title='bbox 163 866 232 919; x_wconf 89' lang='lat' dir='ltr'><strong>cato</strong></span> <span class='ocrx_word' id='word_1_40' title='bbox 261 861 483 918; x_wconf 90' lang='lat' dir='ltr'><strong>constituerunt</strong></span> <span class='ocrx_word' id='word_1_41' title='bbox 522 861 670 936; x_wconf 88' lang='lat' dir='ltr'><strong>optimum</strong></span> <span class='ocrx_word' id='word_1_42' title='bbox 701 879 776 934; x_wconf 88' lang='lat' dir='ltr'><strong>esse,</strong></span> <span class='ocrx_word' id='word_1_43' title='bbox 805 861 927 918; x_wconf 92' lang='lat' dir='ltr'><strong>domum</strong></span> <span class='ocrx_word' id='word_1_44' title='bbox 957 879 1044 920; x_wconf 87' lang='lat' dir='ltr'><strong>suam</strong></span> 
     </span>
     <span class='ocr_line' id='line_1_8' title="bbox 163 939 1045 1017; baseline 0.001 -20"><span class='ocrx_word' id='word_1_45' title='bbox 163 958 313 1017; x_wconf 82' lang='lat' dir='ltr'><strong>quemque</strong></span> <span class='ocrx_word' id='word_1_46' title='bbox 334 941 454 1010; x_wconf 90' lang='lat' dir='ltr'><strong>reverti,</strong></span> <span class='ocrx_word' id='word_1_47' title='bbox 473 944 513 1009; x_wconf 89' lang='lat' dir='ltr'><strong>et,</strong></span> <span class='ocrx_word' id='word_1_48' title='bbox 535 958 662 1015; x_wconf 87' lang='lat' dir='ltr'><strong>quorum</strong></span> <span class='ocrx_word' id='word_1_49' title='bbox 684 941 715 998; x_wconf 89' lang='lat' dir='ltr'><strong>iu</strong></span> <span class='ocrx_word' id='word_1_50' title='bbox 737 940 811 998; x_wconf 88' lang='lat' dir='ltr'><strong>fines</strong></span> <span class='ocrx_word' id='word_1_51' title='bbox 831 941 961 1017; x_wconf 91' lang='lat' dir='ltr'><strong>primum</strong></span> <span class='ocrx_word' id='word_1_52' title='bbox 984 939 1045 999; x_wconf 86' lang='lat' dir='ltr'><strong>Ro·</strong></span> 
     </span>
     <span class='ocr_line' id='line_1_9' title="bbox 164 1020 1044 1091; baseline 0.002 -13"><span class='ocrx_word' id='word_1_53' title='bbox 164 1020 246 1078; x_wconf 89' lang='lat' dir='ltr'><strong>mani</strong></span> <span class='ocrx_word' id='word_1_54' title='bbox 266 1021 431 1078; x_wconf 87' lang='lat' dir='ltr'><strong>exercitum</strong></span> <span class='ocrx_word' id='word_1_55' title='bbox 454 1020 701 1091; x_wconf 79' lang='lat' dir='ltr'><strong>introduxissent,</strong></span> <span class='ocrx_word' id='word_1_56' title='bbox 718 1021 757 1078; x_wconf 86' lang='lat' dir='ltr'><strong>ad</strong></span> <span class='ocrx_word' id='word_1_57' title='bbox 772 1039 825 1078; x_wconf 91' lang='lat' dir='ltr'><strong>eos</strong></span> <span class='ocrx_word' id='word_1_58' title='bbox 840 1021 1044 1080; x_wconf 86' lang='lat' dir='ltr'><strong>defendendos</strong></span> 
     </span>
     <span class='ocr_line' id='line_1_10' title="bbox 164 1100 1042 1176; baseline 0.002 -20"><span class='ocrx_word' id='word_1_59' title='bbox 164 1100 296 1175; x_wconf 87' lang='lat' dir='ltr'><strong>undique</strong></span> <span class='ocrx_word' id='word_1_60' title='bbox 324 1101 528 1168; x_wconf 88' lang='lat' dir='ltr'><strong>convenirent,</strong></span> <span class='ocrx_word' id='word_1_61' title='bbox 547 1105 582 1156; x_wconf 89' lang='lat' dir='ltr'><strong>ut</strong></span> <span class='ocrx_word' id='word_1_62' title='bbox 608 1100 710 1174; x_wconf 89' lang='lat' dir='ltr'><strong>potius</strong></span> <span class='ocrx_word' id='word_1_63' title='bbox 738 1100 770 1158; x_wconf 92' lang='lat' dir='ltr'><strong>in</strong></span> <span class='ocrx_word' id='word_1_64' title='bbox 799 1101 864 1158; x_wconf 88' lang='lat' dir='ltr'><strong>suis</strong></span> <span class='ocrx_word' id='word_1_65' title='bbox 890 1118 980 1176; x_wconf 90' lang='lat' dir='ltr'><strong>quam</strong></span> <span class='ocrx_word' id='word_1_66' title='bbox 1011 1101 1042 1158; x_wconf 91' lang='lat' dir='ltr'><strong>iu</strong></span> 
     </span>
     <span class='ocr_line' id='line_1_11' title="bbox 164 1179 1096 1257; baseline 0.003 -20"><span class='ocrx_word' id='word_1_67' title='bbox 164 1180 272 1237; x_wconf 86' lang='lat' dir='ltr'><strong>alienis</strong></span> <span class='ocrx_word' id='word_1_68' title='bbox 293 1179 404 1237; x_wconf 88' lang='lat' dir='ltr'><strong>finibus</strong></span> <span class='ocrx_word' id='word_1_69' title='bbox 430 1180 618 1237; x_wconf 80' lang='lat' dir='ltr'><strong>decertarent</strong></span> <span class='ocrx_word' id='word_1_70' title='bbox 642 1184 673 1237; x_wconf 91' lang='lat' dir='ltr'><strong>et</strong></span> <span class='ocrx_word' id='word_1_71' title='bbox 688 1180 863 1238; x_wconf 78' lang='lat' dir='ltr'><strong>domesticis</strong></span> <span class='ocrx_word' id='word_1_72' title='bbox 884 1181 977 1257; x_wconf 92' lang='lat' dir='ltr'><strong>copiis</strong></span> <span class='ocrx_word' id='word_1_73' title='bbox 998 1181 1096 1240; x_wconf 80' lang='lat' dir='ltr'><strong>roilo</strong></span> 
     </span>
     <span class='ocr_line' id='line_1_12' title="bbox 164 1259 1043 1331; baseline 0.001 -14"><span class='ocrx_word' id='word_1_74' title='bbox 164 1260 366 1318; x_wconf 75' lang='lat' dir='ltr'><strong>frumentaria</strong></span> <span class='ocrx_word' id='word_1_75' title='bbox 389 1265 550 1318; x_wconf 89' lang='lat' dir='ltr'><strong>uterentur.</strong></span> <span class='ocrx_word' id='word_1_76' title='bbox 593 1259 645 1316; x_wconf 90' lang='lat' dir='ltr'><strong>Ad</strong></span> <span class='ocrx_word' id='word_1_77' title='bbox 669 1277 736 1317; x_wconf 89' lang='lat' dir='ltr'><strong>eam</strong></span> <span class='ocrx_word' id='word_1_78' title='bbox 761 1261 953 1331; x_wconf 88' lang='lat' dir='ltr'><strong>sententiam,</strong></span> <span class='ocrx_word' id='word_1_79' title='bbox 976 1277 1043 1318; x_wconf 89' lang='lat' dir='ltr'><strong>cum</strong></span> 
     </span>
     <span class='ocr_line' id='line_1_13' title="bbox 163 1339 1043 1416; baseline 0.003 -20"><span class='ocrx_word' id='word_1_80' title='bbox 163 1339 288 1415; x_wconf 89' lang='lat' dir='ltr'><strong>reliquis</strong></span> <span class='ocrx_word' id='word_1_81' title='bbox 309 1340 418 1410; x_wconf 88' lang='lat' dir='ltr'><strong>causis,</strong></span> <span class='ocrx_word' id='word_1_82' title='bbox 434 1339 497 1396; x_wconf 85' lang='lat' dir='ltr'><strong>haee</strong></span> <span class='ocrx_word' id='word_1_83' title='bbox 518 1356 637 1415; x_wconf 92' lang='lat' dir='ltr'><strong>quoque</strong></span> <span class='ocrx_word' id='word_1_84' title='bbox 652 1340 730 1397; x_wconf 87' lang='lat' dir='ltr'><strong>ratio</strong></span> <span class='ocrx_word' id='word_1_85' title='bbox 744 1356 797 1399; x_wconf 89' lang='lat' dir='ltr'><strong>eos</strong></span> <span class='ocrx_word' id='word_1_86' title='bbox 813 1340 946 1410; x_wconf 85' lang='lat' dir='ltr'><strong>deduxit,</strong></span> <span class='ocrx_word' id='word_1_87' title='bbox 962 1340 1043 1416; x_wconf 91' lang='lat' dir='ltr'><strong>quod</strong></span> 
     </span>
     <span class='ocr_line' id='line_1_14' title="bbox 166 1417 1043 1496; baseline 0 -19"><span class='ocrx_word' id='word_1_88' title='bbox 166 1419 353 1477; x_wconf 89' lang='lat' dir='ltr'><strong>Divitiacum</strong></span> <span class='ocrx_word' id='word_1_89' title='bbox 390 1425 480 1496; x_wconf 90' lang='lat' dir='ltr'><strong>atque</strong></span> <span class='ocrx_word' id='word_1_90' title='bbox 509 1417 629 1476; x_wconf 82' lang='lat' dir='ltr'><strong>AEduos</strong></span> <span class='ocrx_word' id='word_1_91' title='bbox 668 1419 777 1478; x_wconf 89' lang='lat' dir='ltr'><strong>finibus</strong></span> <span class='ocrx_word' id='word_1_92' title='bbox 813 1419 1043 1478; x_wconf 88' lang='lat' dir='ltr'><strong>Bellovacorum</strong></span> 
     </span>
     <span class='ocr_line' id='line_1_15' title="bbox 163 1499 1041 1576; baseline 0.002 -20"><span class='ocrx_word' id='word_1_93' title='bbox 163 1499 403 1576; x_wconf 87' lang='lat' dir='ltr'><strong>appropinquare</strong></span> <span class='ocrx_word' id='word_1_94' title='bbox 431 1503 646 1574; x_wconf 88' lang='lat' dir='ltr'><strong>cognoverant.</strong></span> <span class='ocrx_word' id='word_1_95' title='bbox 703 1499 763 1557; x_wconf 88' lang='lat' dir='ltr'><strong>His</strong></span> <span class='ocrx_word' id='word_1_96' title='bbox 791 1499 977 1575; x_wconf 80' lang='lat' dir='ltr'><strong>persuaderi,</strong></span> <span class='ocrx_word' id='word_1_97' title='bbox 1007 1505 1041 1558; x_wconf 91' lang='lat' dir='ltr'><strong>ut</strong></span> 
     </span>
     <span class='ocr_line' id='line_1_16' title="bbox 163 1578 1094 1654; baseline 0.002 -17"><span class='ocrx_word' id='word_1_98' title='bbox 163 1579 279 1637; x_wconf 90' lang='lat' dir='ltr'><strong>diutius</strong></span> <span class='ocrx_word' id='word_1_99' title='bbox 307 1585 497 1636; x_wconf 87' lang='lat' dir='ltr'><strong>morarentur</strong></span> <span class='ocrx_word' id='word_1_100' title='bbox 527 1597 624 1654; x_wconf 93' lang='lat' dir='ltr'><strong>neque</strong></span> <span class='ocrx_word' id='word_1_101' title='bbox 652 1578 716 1636; x_wconf 92' lang='lat' dir='ltr'><strong>suis</strong></span> <span class='ocrx_word' id='word_1_102' title='bbox 746 1579 891 1638; x_wconf 87' lang='lat' dir='ltr'><strong>auxilium</strong></span> <span class='ocrx_word' id='word_1_103' title='bbox 920 1579 1041 1651; x_wconf 88' lang='lat' dir='ltr'><strong>ferrent,</strong></span> <span class='ocrx_word' id='word_1_104' title='bbox 1059 1582 1094 1640; x_wconf 78' lang='lat'><strong>15</strong></span> 
     </span>
     <span class='ocr_line' id='line_1_17' title="bbox 163 1665 372 1735; baseline 0 -19"><span class='ocrx_word' id='word_1_105' title='bbox 163 1677 223 1716; x_wconf 90' lang='lat' dir='ltr'><strong>non</strong></span> <span class='ocrx_word' id='word_1_106' title='bbox 244 1665 372 1735; x_wconf 86' lang='lat' dir='ltr'><strong>poterat.</strong></span> 
     </span>
    </p>

    <p class='ocr_par' dir='ltr' id='par_1_3' title="bbox 157 1738 1100 3570">
     <span class='ocr_line' id='line_1_18' title="bbox 204 1738 1042 1815; baseline 0 -19"><span class='ocrx_word' id='word_1_107' title='bbox 204 1741 251 1796; x_wconf 92' lang='lat' dir='ltr'><strong>ll.</strong></span> <span class='ocrx_word' id='word_1_108' title='bbox 273 1739 321 1797; x_wconf 85' lang='lat' dir='ltr'><strong>Ea</strong></span> <span class='ocrx_word' id='word_1_109' title='bbox 337 1757 367 1797; x_wconf 90' lang='lat' dir='ltr'><strong>re</strong></span> <span class='ocrx_word' id='word_1_110' title='bbox 384 1738 560 1809; x_wconf 91' lang='lat' dir='ltr'><strong>constituta,</strong></span> <span class='ocrx_word' id='word_1_111' title='bbox 577 1738 710 1796; x_wconf 89' lang='lat' dir='ltr'><strong>secunda</strong></span> <span class='ocrx_word' id='word_1_112' title='bbox 725 1739 832 1815; x_wconf 86' lang='lat' dir='ltr'><strong>vigilia</strong></span> <span class='ocrx_word' id='word_1_113' title='bbox 846 1756 959 1814; x_wconf 89' lang='lat' dir='ltr'><strong>magno</strong></span> <span class='ocrx_word' id='word_1_114' title='bbox 974 1755 1042 1796; x_wconf 88' lang='lat' dir='ltr'><strong>cum</strong></span> 
     </span>
     <span class='ocr_line' id='line_1_19' title="bbox 162 1819 1042 1895; baseline 0 -19"><span class='ocrx_word' id='word_1_115' title='bbox 162 1820 290 1895; x_wconf 89' lang='lat' dir='ltr'><strong>strepitu</strong></span> <span class='ocrx_word' id='word_1_116' title='bbox 302 1837 336 1876; x_wconf 91' lang='lat' dir='ltr'><strong>ac</strong></span> <span class='ocrx_word' id='word_1_117' title='bbox 347 1819 480 1876; x_wconf 88' lang='lat' dir='ltr'><strong>tumultu</strong></span> <span class='ocrx_word' id='word_1_118' title='bbox 495 1819 603 1876; x_wconf 87' lang='lat' dir='ltr'><strong>castris</strong></span> <span class='ocrx_word' id='word_1_119' title='bbox 614 1819 738 1894; x_wconf 88' lang='lat' dir='ltr'><strong>egressi,</strong></span> <span class='ocrx_word' id='word_1_120' title='bbox 751 1819 834 1877; x_wconf 90' lang='lat' dir='ltr'><strong>nullo</strong></span> <span class='ocrx_word' id='word_1_121' title='bbox 845 1825 927 1877; x_wconf 88' lang='lat' dir='ltr'><strong>certo</strong></span> <span class='ocrx_word' id='word_1_122' title='bbox 939 1819 1042 1876; x_wconf 89' lang='lat' dir='ltr'><strong>ordine</strong></span> 
     </span>
     <span class='ocr_line' id='line_1_20' title="bbox 161 1898 1041 1975; baseline 0 -19"><span class='ocrx_word' id='word_1_123' title='bbox 161 1917 258 1975; x_wconf 92' lang='lat' dir='ltr'><strong>neque</strong></span> <span class='ocrx_word' id='word_1_124' title='bbox 279 1898 414 1974; x_wconf 91' lang='lat' dir='ltr'><strong>imperio,</strong></span> <span class='ocrx_word' id='word_1_125' title='bbox 436 1916 505 1956; x_wconf 91' lang='lat' dir='ltr'><strong>cum</strong></span> <span class='ocrx_word' id='word_1_126' title='bbox 534 1898 592 1955; x_wconf 93' lang='lat' dir='ltr'><strong>sibi</strong></span> <span class='ocrx_word' id='word_1_127' title='bbox 622 1899 749 1974; x_wconf 90' lang='lat' dir='ltr'><strong>quisque</strong></span> <span class='ocrx_word' id='word_1_128' title='bbox 771 1899 901 1975; x_wconf 89' lang='lat' dir='ltr'><strong>primum</strong></span> <span class='ocrx_word' id='word_1_129' title='bbox 923 1898 1041 1957; x_wconf 82' lang='lat' dir='ltr'><strong>itineris</strong></span> 
     </span>
     <span class='ocr_line' id='line_1_21' title="bbox 161 1978 1099 2054; baseline 0.004 -18"><span class='ocrx_word' id='word_1_130' title='bbox 161 1978 260 2036; x_wconf 93' lang='lat' dir='ltr'><strong>locum</strong></span> <span class='ocrx_word' id='word_1_131' title='bbox 274 1984 391 2054; x_wconf 89' lang='lat' dir='ltr'><strong>peteret</strong></span> <span class='ocrx_word' id='word_1_132' title='bbox 415 1985 446 2036; x_wconf 91' lang='lat' dir='ltr'><strong>et</strong></span> <span class='ocrx_word' id='word_1_133' title='bbox 460 1979 583 2037; x_wconf 94' lang='lat' dir='ltr'><strong>domum</strong></span> <span class='ocrx_word' id='word_1_134' title='bbox 599 1979 754 2054; x_wconf 88' lang='lat' dir='ltr'><strong>pervenire</strong></span> <span class='ocrx_word' id='word_1_135' title='bbox 768 1984 952 2054; x_wconf 83' lang='lat' dir='ltr'><strong>properaret,</strong></span> <span class='ocrx_word' id='word_1_136' title='bbox 969 1978 1042 2036; x_wconf 91' lang='lat' dir='ltr'><strong>fece·</strong></span> <span class='ocrx_word' id='word_1_137' title='bbox 1057 1983 1099 2042; x_wconf 75' lang='lat'><strong>20:</strong></span> 
     </span>
     <span class='ocr_line' id='line_1_22' title="bbox 160 2057 1041 2134; baseline 0.001 -18"><span class='ocrx_word' id='word_1_138' title='bbox 160 2065 239 2128; x_wconf 88' lang='lat' dir='ltr'><strong>runt,</strong></span> <span class='ocrx_word' id='word_1_139' title='bbox 256 2065 291 2116; x_wconf 91' lang='lat' dir='ltr'><strong>ut</strong></span> <span class='ocrx_word' id='word_1_140' title='bbox 311 2058 478 2116; x_wconf 89' lang='lat' dir='ltr'><strong>consimilis</strong></span> <span class='ocrx_word' id='word_1_141' title='bbox 499 2057 579 2133; x_wconf 85' lang='lat' dir='ltr'><strong>fugae</strong></span> <span class='ocrx_word' id='word_1_142' title='bbox 600 2058 746 2134; x_wconf 91' lang='lat' dir='ltr'><strong>profectio</strong></span> <span class='ocrx_word' id='word_1_143' title='bbox 768 2059 929 2116; x_wconf 90' lang='lat' dir='ltr'><strong>videretur.</strong></span> <span class='ocrx_word' id='word_1_144' title='bbox 973 2057 1041 2117; x_wconf 90' lang='lat' dir='ltr'><strong>Hac</strong></span> 
     </span>
     <span class='ocr_line' id='line_1_23' title="bbox 160 2138 1040 2214; baseline 0 -18"><span class='ocrx_word' id='word_1_145' title='bbox 160 2157 191 2196; x_wconf 90' lang='lat' dir='ltr'><strong>re</strong></span> <span class='ocrx_word' id='word_1_146' title='bbox 213 2139 319 2196; x_wconf 85' lang='lat' dir='ltr'><strong>statim</strong></span> <span class='ocrx_word' id='word_1_147' title='bbox 336 2138 438 2197; x_wconf 80' lang='lat' dir='ltr'><strong>Caesar</strong></span> <span class='ocrx_word' id='word_1_148' title='bbox 459 2155 511 2214; x_wconf 89' lang='lat' dir='ltr'><strong>per</strong></span> <span class='ocrx_word' id='word_1_149' title='bbox 534 2139 739 2213; x_wconf 86' lang='lat' dir='ltr'><strong>speculatores</strong></span> <span class='ocrx_word' id='word_1_150' title='bbox 762 2139 896 2214; x_wconf 84' lang='lat' dir='ltr'><strong>cognita,</strong></span> <span class='ocrx_word' id='word_1_151' title='bbox 912 2138 1040 2196; x_wconf 88' lang='lat' dir='ltr'><strong>insidias</strong></span> 
     </span>
     <span class='ocr_line' id='line_1_24' title="bbox 161 2218 1041 2294; baseline -0.001 -18"><span class='ocrx_word' id='word_1_152' title='bbox 161 2219 285 2290; x_wconf 88' lang='lat' dir='ltr'><strong>veritus,</strong></span> <span class='ocrx_word' id='word_1_153' title='bbox 297 2219 385 2294; x_wconf 91' lang='lat' dir='ltr'><strong>quod,</strong></span> <span class='ocrx_word' id='word_1_154' title='bbox 399 2219 506 2294; x_wconf 90' lang='lat' dir='ltr'><strong>quade</strong></span> <span class='ocrx_word' id='word_1_155' title='bbox 519 2235 610 2274; x_wconf 89' lang='lat' dir='ltr'><strong>causa</strong></span> <span class='ocrx_word' id='word_1_156' title='bbox 621 2218 817 2288; x_wconf 77' lang='lat' dir='ltr'><strong>discederent,</strong></span> <span class='ocrx_word' id='word_1_157' title='bbox 830 2219 964 2275; x_wconf 93' lang='lat' dir='ltr'><strong>nondum</strong></span> <span class='ocrx_word' id='word_1_158' title='bbox 978 2235 1041 2294; x_wconf 90' lang='lat' dir='ltr'><strong>per·</strong></span> 
     </span>
     <span class='ocr_line' id='line_1_25' title="bbox 160 2297 1036 2374; baseline 0 -18"><span class='ocrx_word' id='word_1_159' title='bbox 160 2305 307 2374; x_wconf 83' lang='lat' dir='ltr'><strong>spexerat,</strong></span> <span class='ocrx_word' id='word_1_160' title='bbox 324 2299 488 2356; x_wconf 87' lang='lat' dir='ltr'><strong>exercitum</strong></span> <span class='ocrx_word' id='word_1_161' title='bbox 510 2297 739 2373; x_wconf 87' lang='lat' dir='ltr'><strong>equitatumque</strong></span> <span class='ocrx_word' id='word_1_162' title='bbox 755 2299 863 2356; x_wconf 89' lang='lat' dir='ltr'><strong>castris</strong></span> <span class='ocrx_word' id='word_1_163' title='bbox 878 2299 1036 2356; x_wconf 83' lang='lat' dir='ltr'><strong>continuit</strong></span> 
     </span>
     <span class='ocr_line' id='line_1_26' title="bbox 161 2378 1092 2452; baseline 0.002 -16"><span class='ocrx_word' id='word_1_164' title='bbox 161 2378 267 2436; x_wconf 90' lang='lat' dir='ltr'><strong>Prima</strong></span> <span class='ocrx_word' id='word_1_165' title='bbox 282 2379 347 2436; x_wconf 91' lang='lat' dir='ltr'><strong>luce</strong></span> <span class='ocrx_word' id='word_1_166' title='bbox 367 2378 542 2436; x_wconf 85' lang='lat' dir='ltr'><strong>confirmata</strong></span> <span class='ocrx_word' id='word_1_167' title='bbox 556 2395 587 2434; x_wconf 90' lang='lat' dir='ltr'><strong>re</strong></span> <span class='ocrx_word' id='word_1_168' title='bbox 603 2379 641 2434; x_wconf 88' lang='lat' dir='ltr'><strong>ab</strong></span> <span class='ocrx_word' id='word_1_169' title='bbox 656 2378 907 2452; x_wconf 86' lang='lat' dir='ltr'><strong>exploratoribus,</strong></span> <span class='ocrx_word' id='word_1_170' title='bbox 918 2395 1038 2435; x_wconf 91' lang='lat' dir='ltr'><strong>omnem</strong></span> <span class='ocrx_word' id='word_1_171' title='bbox 1054 2380 1092 2438; x_wconf 77' lang='lat'><strong>25</strong></span> 
     </span>
     <span class='ocr_line' id='line_1_27' title="bbox 159 2457 1040 2534; baseline 0 -19"><span class='ocrx_word' id='word_1_172' title='bbox 159 2459 338 2534; x_wconf 84' lang='lat' dir='ltr'><strong>equitatum,</strong></span> <span class='ocrx_word' id='word_1_173' title='bbox 355 2458 406 2532; x_wconf 93' lang='lat' dir='ltr'><strong>qui</strong></span> <span class='ocrx_word' id='word_1_174' title='bbox 427 2457 627 2514; x_wconf 87' lang='lat' dir='ltr'><strong>novissimum</strong></span> <span class='ocrx_word' id='word_1_175' title='bbox 650 2475 761 2532; x_wconf 81' lang='lat' dir='ltr'><strong>agmen</strong></span> <span class='ocrx_word' id='word_1_176' title='bbox 775 2464 953 2528; x_wconf 90' lang='lat' dir='ltr'><strong>moraretur,</strong></span> <span class='ocrx_word' id='word_1_177' title='bbox 969 2475 1040 2534; x_wconf 76' lang='lat' dir='ltr'><strong>prae·</strong></span> 
     </span>
     <span class='ocr_line' id='line_1_28' title="bbox 158 2536 1040 2612; baseline -0.001 -17"><span class='ocrx_word' id='word_1_178' title='bbox 158 2538 252 2596; x_wconf 89' lang='lat' dir='ltr'><strong>misit.</strong></span> <span class='ocrx_word' id='word_1_179' title='bbox 296 2537 356 2595; x_wconf 88' lang='lat' dir='ltr'><strong>His</strong></span> <span class='ocrx_word' id='word_1_180' title='bbox 373 2538 519 2612; x_wconf 75' lang='lat' dir='ltr'><strong>Quintum</strong></span> <span class='ocrx_word' id='word_1_181' title='bbox 537 2537 664 2594; x_wconf 90' lang='lat' dir='ltr'><strong>Pedium</strong></span> <span class='ocrx_word' id='word_1_182' title='bbox 686 2544 717 2595; x_wconf 93' lang='lat' dir='ltr'><strong>et</strong></span> <span class='ocrx_word' id='word_1_183' title='bbox 739 2536 865 2594; x_wconf 87' lang='lat' dir='ltr'><strong>Lucium</strong></span> <span class='ocrx_word' id='word_1_184' title='bbox 882 2537 1040 2596; x_wconf 83' lang='lat' dir='ltr'><strong>Auruncu-</strong></span> 
     </span>
     <span class='ocr_line' id='line_1_29' title="bbox 158 2616 1037 2692; baseline -0.001 -18"><span class='ocrx_word' id='word_1_185' title='bbox 158 2617 251 2676; x_wconf 93' lang='lat' dir='ltr'><strong>leium</strong></span> <span class='ocrx_word' id='word_1_186' title='bbox 268 2617 390 2676; x_wconf 84' lang='lat' dir='ltr'><strong>Cottam</strong></span> <span class='ocrx_word' id='word_1_187' title='bbox 415 2618 533 2691; x_wconf 89' lang='lat' dir='ltr'><strong>legatos</strong></span> <span class='ocrx_word' id='word_1_188' title='bbox 554 2617 695 2692; x_wconf 84' lang='lat' dir='ltr'><strong>praefecit.</strong></span> <span class='ocrx_word' id='word_1_189' title='bbox 740 2616 843 2674; x_wconf 81' lang='lat' dir='ltr'><strong>Titum</strong></span> <span class='ocrx_word' id='word_1_190' title='bbox 868 2617 1037 2675; x_wconf 87' lang='lat' dir='ltr'><strong>Labienum</strong></span> 
     </span>
     <span class='ocr_line' id='line_1_30' title="bbox 158 2695 1039 2774; baseline -0.002 -18"><span class='ocrx_word' id='word_1_191' title='bbox 158 2697 294 2774; x_wconf 88' lang='lat' dir='ltr'><strong>legatum</strong></span> <span class='ocrx_word' id='word_1_192' title='bbox 309 2715 376 2754; x_wconf 90' lang='lat' dir='ltr'><strong>cum</strong></span> <span class='ocrx_word' id='word_1_193' title='bbox 392 2697 563 2772; x_wconf 78' lang='lat' dir='ltr'><strong>legionibus</strong></span> <span class='ocrx_word' id='word_1_194' title='bbox 577 2697 674 2753; x_wconf 88' lang='lat' dir='ltr'><strong>tribus</strong></span> <span class='ocrx_word' id='word_1_195' title='bbox 689 2696 832 2772; x_wconf 85' lang='lat' dir='ltr'><strong>subsequi</strong></span> <span class='ocrx_word' id='word_1_196' title='bbox 849 2698 950 2771; x_wconf 92' lang='lat' dir='ltr'><strong>jussit.</strong></span> <span class='ocrx_word' id='word_1_197' title='bbox 995 2695 1039 2754; x_wconf 91' lang='lat' dir='ltr'><strong>Hi</strong></span> 
     </span>
     <span class='ocr_line' id='line_1_31' title="bbox 158 2775 1100 2851; baseline 0.004 -17"><span class='ocrx_word' id='word_1_198' title='bbox 158 2777 344 2836; x_wconf 79' lang='lat' dir='ltr'><strong>novissimos</strong></span> <span class='ocrx_word' id='word_1_199' title='bbox 366 2777 464 2834; x_wconf 90' lang='lat' dir='ltr'><strong>adorti</strong></span> <span class='ocrx_word' id='word_1_200' title='bbox 491 2783 522 2834; x_wconf 92' lang='lat' dir='ltr'><strong>et</strong></span> <span class='ocrx_word' id='word_1_201' title='bbox 542 2776 640 2834; x_wconf 91' lang='lat' dir='ltr'><strong>multa</strong></span> <span class='ocrx_word' id='word_1_202' title='bbox 673 2775 759 2833; x_wconf 89' lang='lat' dir='ltr'><strong>milia</strong></span> <span class='ocrx_word' id='word_1_203' title='bbox 778 2793 923 2851; x_wconf 85' lang='lat' dir='ltr'><strong>passuum</strong></span> <span class='ocrx_word' id='word_1_204' title='bbox 939 2794 1038 2851; x_wconf 87' lang='lat' dir='ltr'><strong>prose·</strong></span> <span class='ocrx_word' id='word_1_205' title='bbox 1053 2779 1100 2842; x_wconf 66' lang='lat'><strong>30.</strong></span> 
     </span>
     <span class='ocr_line' id='line_1_32' title="bbox 157 2857 1039 2932; baseline -0.002 -17"><span class='ocrx_word' id='word_1_206' title='bbox 157 2859 219 2916; x_wconf 92' lang='lat' dir='ltr'><strong>cuti</strong></span> <span class='ocrx_word' id='word_1_207' title='bbox 244 2875 388 2932; x_wconf 90' lang='lat' dir='ltr'><strong>magnam</strong></span> <span class='ocrx_word' id='word_1_208' title='bbox 409 2857 636 2914; x_wconf 90' lang='lat' dir='ltr'><strong>multitudinem</strong></span> <span class='ocrx_word' id='word_1_209' title='bbox 657 2873 761 2913; x_wconf 89' lang='lat' dir='ltr'><strong>eorum</strong></span> <span class='ocrx_word' id='word_1_210' title='bbox 776 2857 957 2931; x_wconf 89' lang='lat' dir='ltr'><strong>fugientium</strong></span> <span class='ocrx_word' id='word_1_211' title='bbox 972 2874 1039 2914; x_wconf 89' lang='lat' dir='ltr'><strong>eon·</strong></span> 
     </span>
     <span class='ocr_line' id='line_1_33' title="bbox 157 2935 1038 3011; baseline -0.002 -17"><span class='ocrx_word' id='word_1_212' title='bbox 157 2939 305 3006; x_wconf 89' lang='lat' dir='ltr'><strong>ciderunt,</strong></span> <span class='ocrx_word' id='word_1_213' title='bbox 321 2955 386 2994; x_wconf 90' lang='lat' dir='ltr'><strong>cum</strong></span> <span class='ocrx_word' id='word_1_214' title='bbox 410 2937 447 2994; x_wconf 89' lang='lat' dir='ltr'><strong>ab</strong></span> <span class='ocrx_word' id='word_1_215' title='bbox 468 2945 601 2993; x_wconf 82' lang='lat' dir='ltr'><strong>extremo</strong></span> <span class='ocrx_word' id='word_1_216' title='bbox 623 2935 752 3010; x_wconf 82' lang='lat' dir='ltr'><strong>agmine,</strong></span> <span class='ocrx_word' id='word_1_217' title='bbox 769 2935 807 2992; x_wconf 87' lang='lat' dir='ltr'><strong>ad</strong></span> <span class='ocrx_word' id='word_1_218' title='bbox 822 2953 898 3011; x_wconf 89' lang='lat' dir='ltr'><strong>quos</strong></span> <span class='ocrx_word' id='word_1_219' title='bbox 914 2943 1038 2994; x_wconf 91' lang='lat' dir='ltr'><strong>ventum</strong></span> 
     </span>
     <span class='ocr_line' id='line_1_34' title="bbox 157 3015 1037 3091; baseline -0.005 -15"><span class='ocrx_word' id='word_1_220' title='bbox 157 3023 232 3087; x_wconf 90' lang='lat' dir='ltr'><strong>erat,</strong></span> <span class='ocrx_word' id='word_1_221' title='bbox 256 3017 453 3074; x_wconf 75' lang='lat' dir='ltr'><strong>consisterent</strong></span> <span class='ocrx_word' id='word_1_222' title='bbox 484 3016 661 3090; x_wconf 82' lang='lat' dir='ltr'><strong>fortiterque</strong></span> <span class='ocrx_word' id='word_1_223' title='bbox 690 3015 837 3091; x_wconf 90' lang='lat' dir='ltr'><strong>impetum</strong></span> <span class='ocrx_word' id='word_1_224' title='bbox 865 3022 1037 3073; x_wconf 91' lang='lat' dir='ltr'><strong>nostrorum</strong></span> 
     </span>
     <span class='ocr_line' id='line_1_35' title="bbox 157 3095 1038 3170; baseline -0.002 -16"><span class='ocrx_word' id='word_1_225' title='bbox 157 3097 290 3154; x_wconf 91' lang='lat' dir='ltr'><strong>militum</strong></span> <span class='ocrx_word' id='word_1_226' title='bbox 314 3098 517 3169; x_wconf 81' lang='lat' dir='ltr'><strong>sustinerent3</strong></span> <span class='ocrx_word' id='word_1_227' title='bbox 545 3096 659 3168; x_wconf 89' lang='lat' dir='ltr'><strong>priores</strong></span> <span class='ocrx_word' id='word_1_228' title='bbox 683 3096 779 3170; x_wconf 92' lang='lat' dir='ltr'><strong>(quod</strong></span> <span class='ocrx_word' id='word_1_229' title='bbox 802 3095 906 3152; x_wconf 90' lang='lat' dir='ltr'><strong>abesse</strong></span> <span class='ocrx_word' id='word_1_230' title='bbox 927 3114 945 3153; x_wconf 87' lang='lat' dir='ltr'><strong>a</strong></span> <span class='ocrx_word' id='word_1_231' title='bbox 963 3097 1038 3170; x_wconf 90' lang='lat' dir='ltr'><strong>peri-</strong></span> 
     </span>
     <span class='ocr_line' id='line_1_36' title="bbox 157 3175 1089 3250; baseline -0.002 -15"><span class='ocrx_word' id='word_1_232' title='bbox 157 3178 226 3235; x_wconf 93' lang='lat' dir='ltr'><strong>culo</strong></span> <span class='ocrx_word' id='word_1_233' title='bbox 242 3177 424 3243; x_wconf 90' lang='lat' dir='ltr'><strong>viderentur,</strong></span> <span class='ocrx_word' id='word_1_234' title='bbox 440 3192 536 3250; x_wconf 90' lang='lat' dir='ltr'><strong>neque</strong></span> <span class='ocrx_word' id='word_1_235' title='bbox 557 3175 618 3231; x_wconf 89' lang='lat' dir='ltr'><strong>ulla</strong></span> <span class='ocrx_word' id='word_1_236' title='bbox 640 3175 821 3232; x_wconf 88' lang='lat' dir='ltr'><strong>necessitate</strong></span> <span class='ocrx_word' id='word_1_237' title='bbox 837 3193 932 3250; x_wconf 90' lang='lat' dir='ltr'><strong>neque</strong></span> <span class='ocrx_word' id='word_1_238' title='bbox 948 3176 1039 3250; x_wconf 92' lang='lat' dir='ltr'><strong>impe·</strong></span> <span class='ocrx_word' id='word_1_239' title='bbox 1053 3176 1089 3233; x_wconf 77' lang='lat'><strong>35</strong></span> 
     </span>
     <span class='ocr_line' id='line_1_37' title="bbox 157 3255 1038 3330; baseline -0.003 -16"><span class='ocrx_word' id='word_1_240' title='bbox 157 3258 204 3315; x_wconf 90' lang='lat' dir='ltr'><strong>rio</strong></span> <span class='ocrx_word' id='word_1_241' title='bbox 233 3256 481 3330; x_wconf 86' lang='lat' dir='ltr'><strong>continerentur),</strong></span> <span class='ocrx_word' id='word_1_242' title='bbox 510 3255 654 3313; x_wconf 85' lang='lat' dir='ltr'><strong>exaudito</strong></span> <span class='ocrx_word' id='word_1_243' title='bbox 689 3255 827 3326; x_wconf 88' lang='lat' dir='ltr'><strong>elamore,</strong></span> <span class='ocrx_word' id='word_1_244' title='bbox 855 3255 1038 3330; x_wconf 89' lang='lat' dir='ltr'><strong>perturbatis</strong></span> 
     </span>
     <span class='ocr_line' id='line_1_38' title="bbox 158 3334 1037 3410; baseline -0.002 -15"><span class='ocrx_word' id='word_1_245' title='bbox 158 3336 324 3405; x_wconf 92' lang='lat' dir='ltr'><strong>ordinibus,</strong></span> <span class='ocrx_word' id='word_1_246' title='bbox 340 3353 445 3393; x_wconf 90' lang='lat' dir='ltr'><strong>omnes</strong></span> <span class='ocrx_word' id='word_1_247' title='bbox 467 3336 497 3390; x_wconf 93' lang='lat' dir='ltr'><strong>in</strong></span> <span class='ocrx_word' id='word_1_248' title='bbox 513 3335 586 3408; x_wconf 85' lang='lat' dir='ltr'><strong>fuga</strong></span> <span class='ocrx_word' id='word_1_249' title='bbox 608 3334 665 3391; x_wconf 87' lang='lat' dir='ltr'><strong>sibi</strong></span> <span class='ocrx_word' id='word_1_250' title='bbox 687 3334 860 3410; x_wconf 89' lang='lat' dir='ltr'><strong>praesidium</strong></span> <span class='ocrx_word' id='word_1_251' title='bbox 882 3342 1037 3410; x_wconf 88' lang='lat' dir='ltr'><strong>ponerent.</strong></span> 
     </span>
     <span class='ocr_line' id='line_1_39' title="bbox 159 3415 1038 3491; baseline -0.003 -16"><span class='ocrx_word' id='word_1_252' title='bbox 159 3415 209 3475; x_wconf 90' lang='lat' dir='ltr'><strong>Ita</strong></span> <span class='ocrx_word' id='word_1_253' title='bbox 230 3415 296 3472; x_wconf 87' lang='lat' dir='ltr'><strong>sine</strong></span> <span class='ocrx_word' id='word_1_254' title='bbox 317 3415 380 3472; x_wconf 91' lang='lat' dir='ltr'><strong>ullo</strong></span> <span class='ocrx_word' id='word_1_255' title='bbox 401 3415 533 3491; x_wconf 90' lang='lat' dir='ltr'><strong>periculo</strong></span> <span class='ocrx_word' id='word_1_256' title='bbox 555 3420 672 3470; x_wconf 92' lang='lat' dir='ltr'><strong>tantam</strong></span> <span class='ocrx_word' id='word_1_257' title='bbox 688 3432 789 3470; x_wconf 90' lang='lat' dir='ltr'><strong>eorum</strong></span> <span class='ocrx_word' id='word_1_258' title='bbox 813 3415 1038 3472; x_wconf 90' lang='lat' dir='ltr'><strong>multitudinem</strong></span> 
     </span>
     <span class='ocr_line' id='line_1_40' title="bbox 160 3493 1039 3570; baseline -0.008 -14"><span class='ocrx_word' id='word_1_259' title='bbox 160 3495 258 3556; x_wconf 87' lang='lat' dir='ltr'><strong>nostri</strong></span> <span class='ocrx_word' id='word_1_260' title='bbox 271 3495 493 3570; x_wconf 81' lang='lat' dir='ltr'><strong>interfecerunt,</strong></span> <span class='ocrx_word' id='word_1_261' title='bbox 509 3500 656 3570; x_wconf 88' lang='lat' dir='ltr'><strong>quantum</strong></span> <span class='ocrx_word' id='word_1_262' title='bbox 671 3493 730 3551; x_wconf 91' lang='lat' dir='ltr'><strong>fuit</strong></span> <span class='ocrx_word' id='word_1_263' title='bbox 744 3494 803 3551; x_wconf 92' lang='lat' dir='ltr'><strong>diei</strong></span> <span class='ocrx_word' id='word_1_264' title='bbox 819 3495 967 3568; x_wconf 90' lang='lat' dir='ltr'><strong>spatium:</strong></span> <span class='ocrx_word' id='word_1_265' title='bbox 983 3495 1039 3552; x_wconf 90' lang='lat' dir='ltr'><strong>sub</strong></span> 
     </span>
    </p>
   </div>
   <div class='ocr_carea' id='block_1_3' title="bbox 0 0 1266 3776">
    <p class='ocr_par' dir='ltr' id='par_1_4' title="bbox 0 0 1266 3776">
     <span class='ocr_line' id='line_1_41' title="bbox 0 0 1266 3776; baseline 0 2"><span class='ocrx_word' id='word_1_266' title='bbox 0 0 1266 3776; x_wconf 95' lang='lat' dir='ltr'><strong> </strong></span> 
     </span>
    </p>
   </div>
  </div>
 </body>
</html>
