2562 3770
540 317 653 364 ιιιιι
677 317 868 367 surrrrrus.
1097 302 1160 394 185

226 486 285 527 uus
305 473 338 528 et
353 467 447 528 (laius
463 466 610 527 Caninius
633 467 760 525 Rebilus
782 467 875 543 legati
898 485 966 525 cum
987 467 1105 528 duabus

226 548 399 624 legionibus
421 548 606 606 obtinebant.
661 547 773 623 Cognit
762 548 801 604 tis
826 564 880 622 per
903 547 1108 622 exploratores

226 629 410 704 regionibus,
427 629 518 686 duces
540 627 676 685 hostium
696 628 837 703 sexagint
839 646 858 685 ι
824 627 958 686 tmilia
972 645 1009 685 ex
1024 627 1107 686 omni

225 725 352 766 numero
375 708 515 784 deligunt
538 724 642 765 earum
666 707 918 784 civitatumque
942 707 1107 766 maximam

224 789 350 846 virtutis
377 788 549 863 opinionem
578 786 744 862 habebant;
772 779 845 863 quid
872 805 990 863 quoquo
1016 793 1106 863 pacto
1133 787 1159 846 b

225 867 275 942 agi
298 867 425 943 placeat,
448 867 599 926 occulte
591 873 636 925 nrt
637 885 670 924 er
691 885 723 925 se
744 885 817 925 cons
819 868 953 942 tituunt3
975 867 1107 925 adeundi

223 954 346 1023 tempus
360 947 515 1017 definiunt,
531 965 599 1005 cum
614 947 756 1005 meridies
770 965 838 1005 esse
853 947 1001 1005 videatur.
1044 946 1105 1005 His

223 1027 321 1103 copiis
335 1027 654 1085 Vercassivellaunum
670 1026 853 1098 Arvernum,
869 1044 963 1084 unum
983 1044 1021 1085 ex
1035 1045 1107 1102 qua·

223 1112 293 1164 tuor
313 1107 450 1178 ducibus,
471 1107 673 1183 propinquum
698 1106 965 1182 Vercingetorigis,
987 1106 1107 1184 prefici-

223 1193 287 1244 unt.
330 1187 386 1244 Ille
407 1204 445 1244 ex
464 1187 572 1244 castris
593 1185 691 1261 prima
713 1186 819 1262 vigilia
838 1202 990 1261 egressus,
1011 1203 1105 1262 prope
1122 1185 1156 1244 lt

223 1267 362 1324 coniecto
377 1267 434 1324 sub
449 1266 547 1324 lucem
561 1265 677 1336 itinere,
693 1272 763 1340 post
778 1272 911 1324 montem
928 1284 961 1324 se
976 1266 1106 1324 occulta·

224 1347 271 1402 vit
285 1345 458 1422 militesque
479 1363 517 1404 ex
538 1352 685 1404 nocturno
704 1345 806 1404 labore
826 1363 893 1404 sese
912 1345 1031 1404 reficere
1045 1347 1107 1420 jus·

224 1427 274 1484 sit.
313 1426 390 1485 Ourn
402 1429 466 1500 jam
481 1425 621 1484 meridies
637 1427 876 1502 appropinquare
891 1425 1053 1496 videretur,
1067 1425 1106 1484 ad

223 1524 261 1562 ea
280 1511 394 1576 castra,
417 1524 482 1581 quae
511 1523 603 1580 supra
626 1507 911 1576 demonstravimus,
932 1505 1104 1564 contendit:

223 1586 391 1662 eodemque
409 1591 544 1661 ternpore
561 1585 716 1661 equitatus
739 1587 777 1644 ad
798 1593 985 1661 campestres
1009 1585 1105 1642 muni·
1120 1583 1156 1640 15

223 1667 324 1724 tiones
350 1667 488 1724 accedere
514 1666 688 1741 etreliqua
711 1667 803 1743 copiae
825 1683 879 1742 pro
904 1665 1013 1723 castris
1037 1682 1104 1723 sese

224 1747 386 1804 ostendere
402 1751 566 1821 ooeperunt.

265 1829 312 1885 84.
329 1825 561 1902 Vercingetorix
573 1843 610 1882 ex
621 1843 688 1884 arce
701 1825 814 1883 Alesiae
827 1843 898 1883 suos
909 1823 1105 1899 conspicatus

223 1923 261 1962 ex
276 1906 386 1982 oppido
401 1906 571 1980 egreditur;
593 1924 611 1963 a
632 1906 739 1964 castris
760 1905 925 1980 longurios,
941 1904 1103 1975 musculos,

164 1999 168 2006 ·
224 1985 317 2054 falces
338 1987 521 2062 reliquaque,
537 2003 603 2061 quae
624 1985 791 2060 eruptionis
812 1999 904 2043 causa
931 1983 1156 2059 patermutio

224 2066 345 2141 profert.
389 2068 550 2142 Pugnatur
561 2083 621 2124 uno
635 2071 772 2141 ternpore
787 2065 928 2122 omnibus
942 2064 1017 2122 locis
1032 2064 1106 2121 acri·

224 2151 271 2203 ιιι
293 2151 384 2222 atque
408 2146 508 2204 omnia
529 2151 650 2204 tentant
652 2162 703 2203 ur:
725 2163 785 2221 qua
807 2144 930 2202 minime
945 2143 1013 2202 visa
1034 2161 1105 2220 pars

225 2225 311 2283 firma
338 2224 479 2298 est,thuc
507 2226 702 2283 concurritur.
758 2225 967 2282 Romanorum
995 2241 1104 2282 manus

223 2305 322 2364 tantis
346 2305 567 2364 munitionibus
588 2305 757 2376 distinetur,
781 2322 835 2362 nec
859 2305 946 2363 facile
967 2304 1104 2379 pluribus

224 2383 299 2444 locis
321 2386 456 2444 occurrit.
500 2384 634 2443 Multum
649 2386 687 2443 ad
701 2385 857 2443 terrendos
872 2389 993 2442 nostros
1007 2383 1105 2442 valuit
1119 2381 1156 2440 at

225 2465 346 2537 clamor,
359 2465 412 2540 qui
432 2470 503 2540 post
522 2470 643 2540 tergum
657 2464 864 2541 pugnantibus
879 2464 1006 2534 exstitit,
1022 2463 1101 2539 quod

225 2562 315 2603 suum
336 2545 502 2621 periculum
523 2545 553 2601 in
575 2545 673 2602 aliena
694 2545 800 2602 vident
829 2543 926 2602 salute
949 2550 1103 2602 constare:

225 2626 327 2682 omnia
351 2625 432 2683 enim
455 2625 639 2700 plerumque,
663 2641 729 2700 quoe
750 2624 869 2695 absunt,
894 2623 1104 2681 vehementius

225 2703 381 2762 hominum
396 2709 512 2763 mentes
526 2705 711 2780 perturbant.

264 2788 311 2844 85.
336 2785 439 2844 Caesar
453 2785 595 2843 idoneum
609 2785 708 2842 locum
723 2789 839 2854 nactus,
851 2783 923 2859 quid
938 2798 1056 2858 queque
1072 2782 1103 2839 in
1117 2781 1156 2838 30

226 2871 312 2941 parte
324 2873 455 2941 geratur,
472 2865 636 2940 cognoscit,
653 2864 860 2921 laborantibus
875 2863 1022 2920 auxilium
1037 2862 1105 2918 sub-

225 2945 328 3004 mittit.
371 2945 518 3020 Utrisque
540 2945 577 3002 sd
600 2943 734 3001 animum
756 2943 893 3013 occurrit,
910 2959 1003 3000 unum
1026 2941 1103 3001 illud

225 3043 292 3083 esse
326 3030 455 3102 tompus,
491 3041 550 3100 quo
584 3024 715 3082 maxime
754 2989 895 3081 contendi
934 3021 1102 3081 conveniat

226 3105 317 3175 Galli,
333 3105 393 3162 nisi
413 3103 613 3179 perfregerint
633 3103 825 3168 munitiones,
842 3102 879 3160 de
900 3101 980 3160 omni
1004 3101 1103 3159 salute

228 3185 406 3278 desperant:
428 3184 570 3253 Romani,
587 3184 613 3241 si
634 3201 697 3242 rem
712 3182 906 3253 obtinuerint,
922 3181 1010 3238 finem
1025 3181 1105 3238 labo-
1118 3177 1154 3236 35

228 3283 293 3322 rum
317 3265 452 3322 omnium
474 3282 582 3340 exspes
584 3269 658 3323 taut
712 3263 845 3320 Maxime
870 3262 907 3319 ad
934 3261 1104 3337 superiores

228 3344 414 3402 munitiones
437 3344 554 3402 laborat
541 3349 600 3415 t,ur
616 3361 674 3418 quo
692 3341 1012 3401 Vercassivellaunum
1034 3341 1106 3397 mis·

228 3424 591 3483 su'mdemonstravinrus.
624 3420 1055 3498 Iniquumloeiaddectivimt
1009 3424 1105 3477 ιιιιιιι

229 3504 384 3580 fastigium
399 3522 541 3579 magnum
555 3503 646 3561 habet
658 3507 853 3571 momentum.
883 3501 947 3558 Alii
963 3500 1025 3557 tela
1038 3517 1107 3556 con·
