2548 3774
137 275 199 344 166
407 291 454 340 nn
479 291 600 340 annno
626 290 804 340 esnnreo.

188 443 328 515 clamore,
357 442 408 518 qui
437 443 559 520 longius
588 443 714 501 aberant
749 442 906 520 repentino
935 444 1070 506 tumultu

187 523 346 598 perterriti,
368 541 438 581 cum
459 522 578 582 bostem
600 524 680 582 intra
700 529 803 599 portas
824 541 891 581 esse
918 525 1073 584 existima·

186 609 262 674 rent,
285 621 351 661 sese
372 621 410 661 ex
430 604 541 679 oppido
554 605 713 678 ejecerunt
757 603 874 661 Matres
890 603 1012 678 familiae
1034 606 1072 664 de

188 701 274 740 nruro
284 689 400 741 vestem
413 689 632 759 argentumque
641 682 802 757 jactabant
819 689 978 760 etpectore
989 687 1071 744 nudo

154 764 391 839 bprorninentes
412 763 514 839 passis
535 763 677 821 manibus
705 763 938 821 obtestabantur
960 765 1064 824 Roma

187 860 251 915 noa,
267 849 302 900 nt
323 843 380 901 sibi
401 847 566 919 parcerent,
585 860 651 913 neu,
667 842 748 900 sicut
768 841 895 902 Avarici
917 844 1069 916 fecissent,

186 941 225 980 ne
240 923 416 980 mulieribus
431 922 554 998 quidem
576 929 667 998 atque
688 921 855 980 infantibus
874 924 1070 987 abstinerent

186 1001 216 1060 N
218 1003 347 1060 onnullae
362 1004 399 1060 de
414 1002 509 1060 muris
530 1020 584 1077 per
598 1020 707 1060 manus
728 1003 867 1060 demissas
882 1021 947 1062 sese
969 1005 1072 1063 militi·

186 1082 244 1141 bus
272 1083 440 1141 tradebant.
483 1082 598 1140 Lucius
627 1081 743 1140 Fabius
770 1083 906 1140 centurio
940 1084 1070 1159 legionis

138 1163 172 1222 10
187 1168 310 1235 octava,
324 1181 414 1238 quern
439 1162 518 1222 inter
539 1179 612 1220 suos
632 1181 669 1221 ce
691 1163 740 1221 die
764 1162 877 1220 dixisse
899 1165 1069 1238 constabat,

187 1242 312 1301 excitari
326 1261 358 1300 se
380 1243 621 1300 Avaricensibus
636 1242 767 1318 praemiis
783 1260 879 1318 neque
895 1245 1071 1303 commissu·

187 1339 260 1394 rum,
270 1328 305 1381 ut
318 1323 401 1399 prius
415 1322 577 1398 quisquam
589 1340 709 1381 murum
724 1323 909 1392 ascenderet,
920 1329 981 1381 tres
994 1343 1069 1383 snos

186 1409 294 1460 nactus
315 1403 520 1479 manipulares
541 1407 631 1478 atque
646 1403 684 1460 ab
699 1402 737 1460 iis
755 1403 934 1461 sublevatus
948 1422 1069 1464 murum

186 1483 330 1541 ascendit.
375 1483 443 1540 Hos
471 1483 536 1559 ipse
560 1499 664 1540 rursus
689 1481 827 1557 singulos
851 1489 1015 1559 exceptans
1036 1485 1069 1544 in

134 1572 170 1632 15
185 1581 305 1621 murum
320 1562 437 1632 extulit.

225 1648 271 1702 48.
294 1643 421 1701 Interim
437 1642 466 1712 ii,
482 1641 535 1718 qui
558 1641 597 1700 ad
617 1641 745 1700 alteram
764 1647 883 1718 partem
906 1643 1017 1718 oppidi,
1034 1650 1070 1704 ut

185 1737 277 1799 supra
299 1721 585 1793 demonstravimus
607 1722 786 1780 munitionis
806 1739 899 1780 cansa
924 1741 1070 1782 convene-

184 1810 262 1874 rant,
282 1804 379 1879 primo
408 1803 557 1860 euaudito¹
579 1801 717 1872 elamore,
736 1803 805 1860 inde
833 1803 924 1860 etiam
954 1805 1069 1864 crebris

184 1884 302 1940 nunciis
324 1883 452 1955 incitati,
468 1882 615 1957 oppidum
635 1883 673 1940 ab
694 1882 845 1940 Romanis
870 1883 974 1953 teneri,
997 1903 1070 1959 pree-

133 1971 170 2028 20
185 1962 287 2020 missis
302 1963 455 2038 equitibus
478 1979 589 2037 magno
611 1980 758 2020 concursu
780 1980 815 2020 eo
838 1964 1067 2023 contenderunt.

185 2038 299 2100 Eorum
314 2043 489 2118 utquisque
505 2042 621 2117 primus
634 2048 767 2112 venerat,
780 2042 837 2100 sub
853 2060 940 2101 muro
955 2045 1070 2102 consis-

183 2123 270 2180 tebat
296 2140 479 2198 suorumque
507 2121 710 2199 pugnantium
738 2139 897 2179 numerum
926 2125 1068 2198 augebat.

185 2201 320 2276 Quorum
335 2220 403 2260 enm
419 2220 531 2277 magna
550 2201 713 2259 multitudo
735 2202 935 2274 convenisset,
952 2209 1068 2262 matres

184 2282 313 2352 familiae,
328 2301 395 2358 qnae
416 2284 506 2359 paulo
532 2287 603 2340 ante
623 2281 773 2340 Romanis
793 2283 830 2340 de
854 2299 939 2340 nruro
959 2301 1069 2343 manus

132 2363 356 2434 assentiebant,
379 2381 452 2420 sues
480 2362 627 2420 obtestari
647 2368 679 2419 et
699 2379 781 2420 more
804 2362 921 2430 Gallico
943 2382 1070 2438 passum

184 2443 326 2518 capillum
352 2448 505 2501 ostentare
529 2443 700 2518 liberosque
727 2441 757 2498 in
782 2449 978 2518 conspectum
1003 2463 1070 2521 pro·

184 2523 259 2580 ferre
284 2529 446 2598 coeperunt.
496 2522 572 2580 Erat
594 2522 745 2580 Romanis
769 2541 824 2580 nec
846 2523 912 2582 loco
937 2541 990 2583 nec
1017 2543 1069 2582 nu·

184 2620 265 2660 mero
294 2621 379 2679 aequa
406 2602 578 2660 contentio:
610 2601 699 2660 simul
729 2608 761 2659 et
788 2620 879 2660 eursu
906 2610 938 2661 et
965 2605 1066 2680 spatio

183 2699 293 2757 pugnae
309 2682 470 2758 defatigati
485 2701 546 2740 non
560 2682 646 2741 facile
661 2687 797 2759 recentes
819 2689 909 2759 atque
930 2683 1068 2760 integros

132 2768 169 2824 30
185 2763 387 2820 sustinebant.

225 2845 271 2901 49.
295 2842 406 2912 Oaesar,
422 2860 490 2900 curn
511 2842 614 2918 iniquo
636 2841 702 2900 loeo
722 2843 852 2917 pugnari
874 2841 1069 2920 hostiumque

185 2922 289 2998 augeri
312 2923 416 2998 copias
439 2923 564 2992 videret,
585 2926 787 2997 praenretuens
813 2923 876 2978 suis
899 2922 937 2979 ad
962 2923 1071 2982 Titum.
1099 2985 1102 2993 ,

185 3002 322 3060 Sextium
345 3002 489 3078 legatum,
505 3020 593 3078 quem
616 3001 783 3058 minoribus
804 3001 911 3058 cestris
926 3004 1067 3076 prasidio

184 3084 354 3158 reliquerat,
370 3084 461 3152 misit,
475 3087 509 3139 ut
523 3081 662 3138 cohortes
676 3097 714 3137 ex
727 3081 834 3138 eastris
849 3080 985 3139 celeriter
998 3083 1068 3140 edu·

131 3167 264 3222 asseret
286 3169 317 3221 et
339 3164 396 3219 snb
410 3163 511 3220 intimo
530 3161 605 3218 colle
629 3160 666 3217 ab
685 3160 791 3218 dextro
816 3160 909 3217 latere
933 3160 1067 3220 hostium

184 3243 397 3312 constitueret3
419 3253 461 3310 ut,
480 3241 506 3297 si
530 3245 648 3297 nostros
671 3238 737 3296 loco
759 3239 902 3314 depulsos
926 3242 1065 3314 vidisset,

184 3338 242 3394 quo
255 3321 355 3376 minus
366 3320 457 3376 libere
470 3319 575 3375 hostes
587 3319 825 3392 insequerentur,
836 3326 970 3379 terreret.
996 3322 1068 3398 Ipse

184 3399 307 3472 paulum
322 3415 360 3454 ex
374 3415 409 3454 eo
423 3397 489 3454 loeo
503 3414 572 3463 cum
593 3397 713 3472 legione
727 3416 917 3474 progressus,
934 3403 984 3460 nbi
1000 3421 1068 3462 con·

184 3477 313 3546 etiterum,
329 3481 469 3534 eventum
484 3493 593 3551 pugnae
608 3478 812 3553 exspectabat
838 3529 839 3532 ,
