2548 3774
200 298 242 364 80
470 315 517 362 nn
541 313 663 362 annno
688 313 862 363 ornareo.

252 483 286 523 se
305 464 464 540 jungebat.
509 464 584 523 Haec
608 483 675 523 cum
698 464 975 522 machinationibus
996 463 1135 523 immisso

251 545 283 602 in
300 543 408 602 flumen
422 543 569 603 defixerat
592 543 766 619 fistucisque
787 545 942 618 adegerat,
958 562 1019 601 non
1041 545 1133 601 subli-

252 642 293 682 cae
314 625 405 683 modo
426 624 540 682 directa
560 623 600 682 cd
619 624 875 700 perpendiculum,
898 623 952 681 sed
978 639 1074 698 prona
1100 641 1135 682 ae

253 704 410 779 fastigata,
423 709 458 760 ut
478 703 645 762 secundum
659 710 801 760 naturam
816 703 950 760 fluminis
963 705 1135 779 procumbe·

220 786 339 856 5rent;
361 782 408 841 his
436 783 510 842 item
538 783 688 841 contraria
717 783 777 840 duo
800 783 838 841 ad
859 783 988 840 eundem
1010 784 1132 841 modum

253 865 361 937 juncta
386 862 546 920 intervallo
561 863 672 938 pedum
688 863 918 936 quadragenum
943 863 981 920 ab
996 863 1133 920 inferiore

251 949 346 1019 parte,
361 948 467 1000 contra
482 943 544 1000 vim
565 949 656 1017 atque
679 941 825 1017 impetum
840 941 972 999 fluminis
987 960 1134 1000 conversa

253 1022 415 1080 statuebat.
458 1022 533 1080 Haec
556 1029 682 1096 utraque
699 1022 823 1096 iusuper
837 1022 1029 1098 bipedalibus
1043 1023 1136 1079 trabi·

252 1103 309 1160 bus
338 1102 492 1168 immissis,
516 1108 663 1176 quantum
694 1119 799 1158 corum
819 1101 974 1176 tignorum
990 1104 1136 1176 iunctura

204 1186 237 1242 10
252 1182 396 1251 distabat,
412 1182 492 1239 binis
519 1181 668 1256 utrimque
693 1180 792 1238 fibulis
819 1182 858 1239 ab
880 1188 1016 1240 extrema
1047 1191 1133 1257 parte

252 1262 488 1320 distinebantur:
510 1260 618 1336 quibus
634 1259 775 1318 disclusis
796 1267 887 1335 atque
902 1262 934 1318 in
948 1262 1132 1320 contrariam

252 1349 370 1418 partem
381 1341 534 1410 revinctis,
542 1347 629 1398 tanta
640 1345 705 1398 erat
716 1340 816 1416 operis
827 1340 978 1398 firmitudo
994 1347 1083 1417 atque
1097 1360 1136 1400 ea

252 1439 351 1479 rerum
366 1428 483 1491 natura,
496 1426 530 1478 ut
541 1437 601 1495 quo
616 1421 711 1493 major
723 1420 770 1477 vis
786 1438 870 1494 aquae
886 1438 918 1478 se
933 1421 1132 1492 incitavisset,

253 1502 309 1559 hoe
324 1502 420 1559 artius
435 1501 554 1576 illigata
566 1505 747 1557 tenerentur.
790 1498 865 1557 Haec
880 1500 992 1558 directa
1007 1502 1134 1559 materia

201 1583 237 1640 15
253 1581 362 1656 injecta
376 1581 615 1639 contexebantur
639 1585 671 1637 et
691 1579 838 1654 longuriis
859 1581 1049 1655 cratibusque
1067 1599 1135 1638 con-

254 1662 479 1719 sternebantur:
502 1678 536 1718 ac
551 1659 645 1717 nihilo
660 1659 758 1717 secius
772 1659 893 1717 sublicae
914 1666 946 1717 et
965 1661 1003 1718 ad
1018 1660 1135 1719 inferio·

254 1760 316 1800 rem
344 1747 460 1817 partem
489 1739 619 1797 fluminis
649 1739 767 1814 oblique
792 1740 969 1812 agebantur,
993 1758 1058 1815 qum
1080 1759 1135 1815 pro

251 1822 364 1898 pariete
380 1821 519 1894 subjectae
541 1826 655 1876 etcum
675 1819 756 1876 omni
777 1836 865 1894 opere
880 1820 1054 1893 conjunctas,
1071 1821 1132 1877 vim

253 1901 384 1959 fluminis
399 1901 584 1977 exciperent:
606 1905 637 1955 et
652 1898 717 1956 uliae
741 1899 812 1956 item
828 1916 919 1975 supra
932 1905 1063 1975 pontem-
1075 1918 1135 1958 me-

201 1983 238 2039 20
253 1981 345 2038 dlocri
360 1981 468 2057 spatio,
480 1984 515 2037 ut
535 1978 559 2036 si
583 1980 722 2035 arborum
737 1979 835 2035 trunci
851 1979 914 2036 sive
929 1997 1023 2036 naves
1038 1980 1136 2054 dejici·

252 2061 321 2118 endi
336 2061 434 2137 opcris
448 2065 551 2118 essent
566 2076 584 2116 a
597 2058 734 2115 barbaris
749 2059 856 2127 missae,
868 2058 916 2115 his
927 2059 1137 2118 defensoribus
1203 2107 1207 2114 .

252 2157 354 2198 earum
370 2157 469 2197 rerum
484 2139 531 2196 ris
547 2138 738 2208 minueretur,
755 2155 813 2194 neu
827 2139 912 2213 ponti
927 2146 1076 2198 nocerent.

248 2278 250 2281 ,
295 2223 337 2278 18.
362 2220 477 2278 Diebus
505 2219 617 2287 decem,
646 2217 756 2292 quibus
784 2219 911 2275 materia
939 2226 1039 2294 coepta
1067 2225 1135 2277 erat

252 2300 442 2374 comportari,
469 2298 551 2356 omni
573 2315 661 2373 opere
684 2297 798 2366 effecto,
822 2298 971 2356 exercitus
993 2299 1134 2356 transdu-

201 2379 337 2438 ascitur.
393 2379 496 2438 Oaesar
523 2377 562 2435 ad
590 2385 749 2452 utramque
777 2384 896 2452 partem
918 2379 1022 2454 pontis
1051 2378 1137 2436 firmo

253 2458 393 2536 praesidio
416 2459 527 2523 relicto,
551 2457 583 2514 in
614 2457 689 2514 fines
713 2456 943 2531 Sigaurbrorum
969 2459 1135 2517 contendit.

253 2539 380 2597 Interim
409 2556 427 2594 a
455 2537 659 2612 compluribus
691 2537 866 2595 civitatibus
894 2538 932 2596 ad
953 2557 1022 2595 eum
1043 2539 1136 2613 legati

254 2619 389 2686 veniunt,
405 2619 514 2693 quibus
534 2634 639 2692 pacem
661 2623 751 2691 atquc
774 2617 937 2674 amicitiam
961 2619 1138 2693 petentibus

254 2698 418 2756 liberaliter
432 2697 589 2772 respondit
612 2697 794 2771 obsidesque
815 2697 852 2754 ad
868 2713 900 2754 se
916 2697 1023 2755 adduci
1040 2699 1137 2772 jubet.

201 2781 238 2838 30
253 2780 298 2836 At
315 2777 472 2852 Sigambri,
488 2795 525 2835 ex
545 2794 581 2834 eo
602 2782 737 2852 tempore
753 2794 811 2852 quo
832 2794 909 2852 pons
924 2777 1044 2834 institui
1060 2795 1137 2853 coep

254 2865 304 2916 tus
333 2864 388 2928 est,
412 2859 485 2934 luga
512 2862 694 2932 comparata,
722 2855 914 2913 hortantibus
942 2857 979 2914 iis
1003 2875 1078 2932 quos
1101 2876 1138 2914 ex
1197 2879 1200 2884 ·

254 2938 410 2998 Tencteris
432 2946 522 3014 atquc
544 2935 725 3010 Usipetibus
741 2935 821 3010 apud
843 2953 875 2993 se
896 2934 1058 3006 habebant,
1076 2937 1138 2993 lini-

254 3019 311 3076 bus
334 3019 397 3077 suis
418 3021 608 3076 excesserant
632 3032 746 3090 suaque
771 3016 874 3072 omnia
894 3023 1137 3090 exportaverant,

255 3117 347 3173 seque
362 3099 392 3155 in
407 3097 599 3155 solitudinem
616 3113 650 3152 ac
666 3095 760 3151 silvas
775 3095 961 3152 abdiderant.

203 3181 239 3238 35
297 3181 341 3235 19.
367 3177 468 3236 Caesar
481 3192 594 3251 paucos
609 3174 674 3232 dies
696 3174 727 3231 in
748 3193 851 3232 eorum
867 3174 977 3232 finibus
991 3181 1136 3249 moratus,

256 3257 394 3314 omnibus
422 3255 497 3312 vicis
525 3253 715 3329 aedificiisque
750 3254 881 3312 incensis
919 3255 1138 3331 frumentisque

255 3336 390 3403 succisis,
420 3351 451 3392 se
479 3335 510 3389 in
538 3331 611 3389 fines
640 3333 789 3390 Ubiorum
819 3335 947 3408 recepit;
980 3342 1072 3411 atque
1100 3337 1139 3394 iis

258 3415 401 3472 auxilium
420 3430 507 3470 suum
522 3411 684 3486 pollicitus,
701 3413 779 3469 siah
797 3412 905 3471 Suevis
919 3422 1137 3490 premerentur,

258 3493 320 3552 hoec
342 3494 379 3550 ab
402 3492 438 3549 lis
461 3492 622 3564 cognovit:
647 3491 772 3562 Suevos,
797 3499 996 3570 posteaquam
1008 3514 1072 3572 per
1089 3515 1138 3554 cx·
