2548 3774
465 283 577 332 mana
597 285 781 343 Quaeres.
1071 272 1113 339 87

176 444 279 496 castra
298 436 479 507 conferebat,
494 442 526 495 et
546 455 613 512 qua
634 437 816 512 gravissime
838 436 951 496 afflIctae
973 441 1059 497 erant

177 533 402 589 necessarum
418 518 545 575 materia
556 524 647 593 atque
658 535 715 575 aere
732 518 770 575 ad
786 517 916 593 reliquas
931 518 1061 578 reficien-

177 597 234 655 das
249 596 399 667 utebatur,
415 603 447 655 et
460 615 526 673 quae
542 597 580 655 ad
596 615 649 655 eas
664 613 712 654 res
727 603 814 654 erant
829 597 906 666 usui,
916 615 953 656 ex
967 598 1061 656 conti·

176 677 262 734 nenti
286 677 468 752 comportari
486 677 620 751 jubebat.
666 677 783 752 Itaque,
799 695 867 734 cum
888 677 919 735 id
940 694 1057 736 summo

177 756 280 814 studio
302 775 321 814 a
341 757 486 814 militibus
509 757 779 827 administraretur,
796 757 954 815 duodecim
975 757 1060 816 navi·
1092 759 1111 820 δ

178 836 236 894 bus
259 837 389 908 amissis,
405 837 528 913 reliquis
550 844 584 895 ut
604 837 745 912 navigari
766 836 922 894 commode
943 842 1056 912 posset,

175 917 283 976 effecit.

216 999 264 1056 32.
289 995 370 1054 Dum
398 1013 434 1054 aa
457 1002 611 1071 geruntur,
637 996 755 1071 legione
780 1013 818 1054 ex
840 995 1056 1056 cousuetudine

175 1093 238 1134 una
252 1076 469 1135 frumentatum
483 1076 587 1147 missa,
603 1094 668 1152 quae
690 1076 903 1151 appellabatur
917 1077 1055 1152 septima,

174 1171 273 1231 neque
289 1155 351 1213 ulla
366 1157 403 1214 ad
420 1156 450 1214 id
464 1162 586 1231 tempus
597 1156 667 1212 belli
679 1155 849 1231 suspicione
864 1155 1055 1230 interposita,
1073 1159 1110 1218 10

174 1253 243 1294 cum
260 1253 332 1311 pars
350 1235 508 1294 bominum
529 1237 561 1293 in
581 1236 663 1310 agris
682 1241 860 1305 remaneret,
874 1252 946 1311 pars
960 1235 1055 1294 etiam

173 1315 206 1372 in
221 1323 322 1374 castra
333 1316 505 1386 ventitaret,
520 1315 551 1386 ii,
566 1317 618 1391 qui
641 1333 695 1390 pro
719 1316 816 1391 portis
836 1321 1004 1372 castrorum
1025 1314 1056 1373 in

173 1395 307 1453 statione
325 1401 421 1465 erant,
439 1395 552 1455 Oaesari
575 1395 795 1453 nunciaverunt
818 1395 972 1469 pulverem
995 1413 1057 1454 ma·

175 1476 282 1550 jerem,
299 1493 389 1551 quam
411 1475 598 1534 consuetudo
613 1475 712 1546 ferret,
727 1475 759 1532 in
780 1492 817 1534 ea
837 1483 924 1551 parte
948 1474 1054 1545 videri,

173 1573 266 1630 quam
283 1555 314 1612 in
327 1561 444 1631 partem
458 1555 539 1630 legio
555 1555 612 1612 iter
627 1555 757 1614 fecisset.
801 1554 905 1613 Caesar
920 1554 959 1624 id,
970 1553 1050 1630 quod
1068 1556 1103 1615 15

172 1640 248 1705 erat,
265 1635 448 1711 suspicatus,
459 1635 573 1711 aliquid
588 1635 659 1692 novi
674 1653 692 1692 a
706 1634 844 1692 barbaris
859 1635 968 1691 initum
984 1651 1053 1692 con-

172 1714 243 1786 silii,
256 1715 405 1785 cobortes,
428 1733 494 1791 quae
515 1715 547 1773 in
568 1715 753 1772 stationibus
781 1720 876 1784 erant,
899 1730 1000 1771 secum
1022 1713 1054 1772 in

171 1813 239 1852 eam
255 1801 371 1870 partem
387 1795 542 1869 proficisci,
558 1812 595 1852 ex
609 1795 734 1870 reliquis
749 1794 826 1852 duas
842 1794 874 1850 in
889 1793 1052 1851 stationem

171 1875 341 1946 succedere,
357 1874 489 1949 reliquas
505 1875 615 1932 armari
636 1881 667 1932 et
687 1874 846 1932 confestim
868 1890 934 1930 sese
950 1873 1053 1930 subsc-

170 1955 223 2030 qui
234 1955 337 2029 jussit.
382 1954 459 2013 Cum
476 1955 567 2029 paulo
582 1954 705 2029 longius
726 1971 745 2011 a
766 1953 874 2012 eastris
889 1953 1053 2028 processis·
1067 1956 1104 2014 20

170 2041 226 2104 set,
243 2052 315 2092 suos
330 2034 367 2090 ab
383 2033 522 2092 hostibus
536 2034 631 2110 premi
648 2040 738 2110 atque
754 2050 832 2107 segre
848 2033 996 2090 sustinere
1020 2037 1053 2090 et

169 2115 306 2172 conserta
327 2113 446 2189 legione
467 2132 504 2171 ex
525 2114 665 2171 omnibus
687 2113 826 2189 partibus
849 2112 911 2170 tola
934 2112 1050 2184 conjici,

169 2193 395 2251 animadvertit.
431 2192 512 2250 Nam
527 2195 617 2270 quod,
629 2195 710 2250 omni
724 2211 762 2250 ex
775 2192 900 2267 reliquis
913 2192 1051 2266 partibus

171 2274 313 2332 demesso
328 2273 488 2344 immento,
504 2291 575 2349 pars
596 2291 657 2330 una
676 2279 744 2330 'erat
765 2273 889 2347 reliqua,
906 2271 1050 2346 suspicati

170 2353 275 2412 hostes
288 2353 346 2411 buc
355 2358 475 2410 nostros
484 2371 551 2410 esse
564 2359 709 2410 venturos
729 2359 819 2409 noctu
834 2352 865 2408 in
881 2350 966 2408 silvis
980 2351 1052 2408 deli·
1066 2354 1103 2413 25

168 2438 308 2491 tuerent:
330 2439 395 2490 tum
410 2432 573 2507 dispersos
589 2433 736 2508 depositis
752 2432 852 2500 armis,
863 2431 894 2486 in
909 2432 1050 2488 metendo

168 2519 335 2589 occupatos
356 2513 457 2570 subito
478 2512 585 2582 adorti,
600 2513 705 2587 paucis
725 2510 901 2578 interiectis,
917 2511 1049 2587 reliquos

168 2592 293 2650 incertis
315 2591 472 2649 ordinibus
493 2593 761 2668 perturbaverant:
793 2590 883 2648 simul
911 2590 1047 2666 equitatu

168 2678 259 2748 atque
273 2672 392 2730 essedis
406 2672 672 2729 circumdederant.

208 2756 255 2811 33.
280 2752 385 2811 Genus
400 2750 456 2809 boc
469 2756 517 2808 est
537 2769 575 2808 ex
594 2750 710 2808 essedis
730 2766 858 2824 pugnae:
878 2748 976 2823 primo
996 2765 1050 2825 pcr
1064 2752 1102 2810 30

168 2848 275 2888 omncs
297 2836 400 2908 partes
424 2831 615 2906 perequitant
635 2835 666 2887 et
690 2829 751 2886 tela
772 2828 942 2903 conjiciunt,
958 2835 1048 2903 atque

169 2909 235 2985 ipso
259 2916 372 2968 terrore
395 2928 539 2985 equorum
564 2916 595 2967 et
619 2909 747 2984 strepitu
774 2915 907 2965 rotarum
930 2907 1048 2965 ordines

168 2989 344 3066 plerumque
360 2991 556 3064 perturbant;
570 2996 601 3047 et
616 3007 684 3046 cum
699 3006 731 3046 se
746 2988 825 3045 inter
837 2987 972 3062 equitum
989 2993 1050 3044 tur·

168 3087 236 3127 mas
258 3070 498 3140 insinuaverunt,
513 3086 550 3126 ex
570 3069 688 3126 essedis
705 3067 849 3126 desiliunt
869 3074 900 3124 et
921 3066 1049 3141 podibus
1113 3117 1116 3122 .

168 3149 355 3224 proeliantur.
400 3149 524 3224 Aurigae
552 3149 672 3206 interim
701 3147 850 3222 paulatim
879 3163 916 3202 ex
944 3145 1046 3221 proelio
1062 3145 1100 3203 35

168 3229 320 3286 excedunt
336 3233 425 3304 atque
440 3228 484 3285 ita
499 3246 603 3286 currus
617 3227 774 3295 collocent,
788 3234 830 3294 ut,
843 3225 869 3282 si
886 3225 928 3281 illi
944 3243 961 3281 a
976 3224 1049 3282 mul-

168 3309 300 3366 titudine
329 3308 461 3366 bostium
490 3315 672 3383 premantur,
703 3305 875 3380 expeditum
906 3304 943 3359 ad
975 3321 1047 3360 suos

144 3381 147 3386 ’
169 3394 323 3464 receptum
349 3387 490 3446 babeant.
533 3387 582 3444 Ita
604 3385 803 3443 mobilitatem
829 3382 972 3456 equitum,
990 3386 1049 3436 sta-

169 3468 319 3526 bilitatem
345 3467 481 3543 peditum
505 3465 535 3522 in
557 3465 670 3542 proeliis
689 3466 853 3538 praestant;
875 3477 909 3515 ae
929 3464 1052 3513 tantum.
