2548 3774
183 284 225 349 92
464 301 510 348 us
535 301 655 348 annuo
681 301 855 349 satureo,

235 456 314 518 runt,
327 450 469 526 quoniam
484 450 602 509 civitati
617 451 771 508 consulere
788 468 847 508 uon
862 454 1003 526 possent:
1026 449 1105 507 Indu

235 531 380 588 tiomarus
400 531 516 587 veritus
531 548 568 587 ne
584 531 622 587 ab
637 531 776 588 omnibus
791 531 985 600 desereretur,
997 528 1115 603 legatos

235 610 274 667 ad
297 609 449 669 Caesarem
469 609 582 684 mittit3
604 627 670 667 sese
693 611 802 667 idcirco
822 611 861 667 ab
876 610 940 667 suis
961 609 1114 667 discedere

235 695 326 765 atque
342 689 380 747 ed
393 707 462 747 eum
476 689 579 746 venire
594 689 736 758 noluisse,
751 707 811 764 quo
826 689 943 746 facilius
958 689 1112 746 civitatem

195 770 220 827 t
235 768 266 826 in
288 769 381 826 officio
410 768 585 838 contineret,
610 786 647 826 ne
668 768 765 826 omnis
787 768 955 826 nobilitatis
978 768 1113 826 discessu

234 849 322 923 plebs
335 853 457 924 propter
470 848 702 924 imprudentiam
721 848 878 906 laberetur.
923 849 1031 922 Itaque
1046 865 1113 906 esse

234 929 389 986 civitatem
411 927 442 984 in
464 945 520 984 sua
540 932 701 1002 potestate,
717 945 817 1003 seque,
834 927 859 984 si
878 927 980 986 Gaesar
994 927 1112 1002 permit

233 1013 318 1078 teret,
334 1008 373 1065 ad
394 1025 463 1065 eum
482 1007 513 1064 in
531 1013 632 1065 eastra
647 1013 814 1078 venturum,
830 1024 902 1064 suas
919 1007 1113 1083 civitatisque

234 1087 370 1144 fortunas
390 1088 455 1161 ejus
476 1086 543 1144 fidei
557 1087 781 1161 permissurum.

184 1165 219 1222 10
275 1169 301 1224 4.
326 1165 436 1236 Caesar,
451 1166 510 1224 etsi
532 1166 729 1240 intelligebat,
745 1166 856 1241 quade
873 1183 966 1223 causa
985 1184 1022 1222 ea
1036 1165 1112 1224 dice-

233 1252 345 1315 rentur,
361 1263 486 1320 quaeque
507 1263 576 1303 eum
598 1263 646 1302 res
668 1246 706 1303 ab
721 1246 863 1302 instituto
877 1245 1003 1302 consilio
1018 1245 1112 1302 deter-

233 1331 319 1395 reret,
347 1330 459 1394 tamen,
486 1343 522 1381 ne
550 1331 686 1382 estatem
714 1325 746 1381 in
774 1325 908 1382 Treviris
935 1341 1111 1382 consumere

233 1411 397 1479 cogeretur,
420 1405 560 1461 omnibus
584 1405 623 1462 ad
648 1404 857 1462 Britannicum
883 1404 994 1462 bellum
1020 1405 1111 1462 rebus

233 1484 423 1561 comparatis,
440 1483 682 1541 Indutiomarum
699 1484 736 1541 ed
752 1501 783 1540 se
799 1502 866 1541 cum
882 1484 1019 1552 ducentis
1034 1485 1112 1541 obsi·

183 1563 217 1620 15
233 1564 322 1621 dibus
338 1563 437 1620 venire
446 1563 549 1638 jussit.
588 1563 646 1622 His
661 1563 809 1633 adductis
820 1563 851 1620 iu
867 1563 904 1620 iis
919 1563 978 1620 filio
993 1564 1111 1639 propin-

232 1644 359 1719 quisque
373 1645 437 1717 ejus
452 1643 600 1712 omnibus,
617 1661 693 1718 quos
714 1643 895 1700 nominatim
917 1651 1108 1714 evocaverat,
1167 1665 1171 1670 ·

233 1724 407 1781 consolatus
435 1722 678 1780 Indutiomarum
707 1722 904 1797 hortatusque
932 1729 987 1792 est,
1009 1723 1054 1779 uti
1078 1723 1109 1780 in

233 1803 326 1859 officio
342 1808 547 1876 permaneret:
570 1802 665 1859 nihilo
686 1809 789 1858 tamen
811 1802 909 1860 secius
924 1801 1109 1878 principibus

233 1881 425 1938 Trevirorum
448 1882 485 1939 ad
507 1900 538 1940 se
560 1882 745 1952 convocatis,
762 1881 817 1938 hos
839 1881 1017 1957 singillatim
1041 1883 1109 1940 Oin-

180 1959 217 2015 20
233 1961 360 2035 getorigi
383 1961 573 2019 conciliavit:
596 1963 676 2036 quod
702 1979 770 2018 eum
797 1961 905 2019 merito
929 1963 994 2034 ejus
1018 1963 1055 2019 ab
1077 1981 1108 2020 se

232 2039 293 2097 fieri
309 2041 506 2114 intelligebat,
522 2046 585 2097 tum
608 2042 710 2115 magui
733 2041 878 2098 interesse
897 2043 1107 2113 arbitrabatur,

231 2121 296 2193 ejus
312 2121 521 2176 auctoritatem
537 2120 615 2176 inter
630 2137 700 2177 suos
715 2139 806 2196 quam
821 2121 984 2196 plurimum
1000 2122 1107 2191 valere,

232 2201 315 2274 eujus
328 2204 392 2256 tam
411 2200 565 2273 egregiam
586 2200 618 2256 in
640 2217 672 2256 se
688 2201 876 2258 voluntatem
897 2203 1106 2277 perspexisset.

231 2279 268 2337 Id
292 2278 363 2336 tulit
386 2279 497 2336 lactum
522 2280 656 2352 graviter
675 2280 910 2350 Indutiomarus,
934 2299 1019 2338 suam
1043 2299 1106 2355 gra

179 2359 215 2415 25
231 2359 304 2415 tiam
321 2358 401 2414 inter
414 2375 486 2415 suos
501 2359 614 2431 minui,
636 2365 676 2428 et,
692 2360 745 2434 qui
761 2362 826 2435 jam
848 2367 917 2417 ante
939 2361 1060 2418 inimico
1075 2362 1106 2417 in

232 2455 286 2494 nos
302 2438 402 2495 auimo
417 2437 533 2507 fuisset,
545 2439 640 2496 mrrlto
655 2439 780 2512 gravius
796 2439 851 2496 hoe
867 2439 968 2496 dolore
983 2441 1104 2498 exarsit.

272 2520 297 2574 5.
322 2516 382 2575 His
399 2517 489 2574 rebus
510 2518 684 2575 constitutis
701 2517 805 2576 Caesar
819 2518 857 2576 ad
877 2524 997 2594 portum
1012 2519 1105 2578 Itium

231 2614 299 2654 eum
327 2596 496 2670 legionibus
523 2598 670 2671 pervenit.
727 2597 775 2655 Ibi
804 2598 959 2673 cognoscit
982 2599 1105 2674 quadra·

230 2676 317 2749 ginta
332 2694 434 2744 nares,
450 2693 516 2751 quae
533 2677 564 2733 in
579 2676 693 2734 Meldis
707 2677 794 2735 iactae
815 2685 909 2749 eraut,
925 2683 1105 2753 tempestate

178 2757 215 2812 30
230 2757 356 2828 rejectas
381 2774 500 2813 cursum
523 2762 624 2813 tenere
646 2774 705 2814 non
722 2757 857 2832 potulese
879 2765 969 2832 atque
990 2759 1105 2825 eodem,

231 2835 308 2892 unde
324 2841 411 2892 erant
425 2836 573 2910 proiectae,
584 2838 763 2894 revertisse:
785 2837 916 2912 reliquas
931 2843 1052 2912 paratas
1068 2837 1105 2896 ad

231 2915 436 2988 navigandum
460 2922 549 2990 atque
570 2916 710 2974 omnibus
733 2917 822 2973 rebus
843 2917 1007 2974 instructas
1028 2918 1105 2974 inve·

229 2995 283 3052 nit.
313 2994 427 3052 Ilodenr
439 2995 535 3052 totius
545 2995 652 3053 Galliae
664 2996 817 3071 equitatus
828 2997 968 3054 convenit
982 3015 1105 3054 numero

229 3074 346 3130 milium
371 3080 508 3149 quatuor,
524 3076 735 3150 principesque
758 3076 897 3133 omnibus
919 3094 956 3133 ex
978 3076 1105 3133 civitati·

177 3154 214 3210 35
229 3153 302 3210 bus:
325 3171 361 3210 ex
375 3154 484 3229 quibus
498 3171 673 3228 perpaucos,
688 3171 815 3228 quorum
837 3155 868 3212 in
890 3173 922 3212 se
938 3155 1024 3212 iidem
1042 3173 1104 3229 per·

230 3240 376 3308 spexerat,
393 3233 559 3307 relinquere
575 3234 606 3290 iu
622 3233 730 3302 Gallia,
740 3233 871 3307 reliquos
886 3234 1023 3292 obsidum
1040 3235 1104 3292 loco

229 3329 330 3369 secum
346 3313 452 3370 ducere
478 3313 673 3386 decreverat;
693 3313 783 3388 quod,
800 3332 867 3370 cum
889 3315 952 3390 ipse
973 3317 1103 3386 abesset,

228 3398 343 3447 motum
360 3391 465 3449 Galliae
481 3392 647 3449 verebatur.

270 3473 294 3526 6.
319 3469 395 3527 Erat
419 3488 569 3527 unacum
594 3470 703 3528 ceteris
727 3471 896 3530 Dumnorix
918 3472 1046 3543 AEduus,
1066 3473 1104 3533 de
