2548 3774
465 297 579 344 menn
603 298 754 347 sexsus.
1032 283 1093 348 129

157 453 294 524 quastus
315 447 448 522 pecunius
469 454 714 523 mercaturasque
740 448 851 507 habere
867 451 928 506 vim
950 449 1043 508 maxi·

160 544 240 584 mam
256 527 448 584 arbitrantur.
494 528 568 586 Post
583 528 661 586 hunc
677 528 849 602 Apollinem
863 534 895 587 ct
909 529 1041 588 Martem

135 661 138 665 .
160 613 191 664 et
205 607 226 664 J
229 625 317 664 ovem
338 613 369 664 et
383 606 570 666 Minervam:
593 609 629 665 de
651 608 699 667 his
713 610 840 667 eandem
862 610 932 680 fere,
949 627 1040 685 quam

160 687 281 762 reliquae
296 694 411 761 gentes
428 687 540 745 habent
558 688 747 764 opinione1n3
770 688 943 764 Apollinem
966 707 1040 746 mor·

162 766 215 823 bos
231 766 388 842 depellere,
406 767 576 824 Minervam
597 786 721 844 operum
743 775 833 844 atquc
848 768 1039 826 artificiorum
1074 769 1092 828 5

160 846 247 904 initia
260 847 396 920 tradere3
418 847 528 904 Jovem
550 848 708 922 imperium
730 848 897 906 coelestium
917 853 1039 923 tener03

161 925 293 984 Martem
315 927 394 984 bella
416 944 525 1002 regere.
572 927 661 997 Huic,
677 946 745 985 curu
768 929 873 1003 proelio
896 929 1039 986 dimicare

160 1007 389 1076 constituerunt,
419 1025 462 1078 ea,
492 1025 558 1082 quae
587 1008 665 1064 bollo
697 1008 840 1083 ceperint,
867 1008 1040 1084 plerumque

160 1087 320 1144 devovent.
365 1085 442 1144 Cum
464 1094 693 1162 superaverunt,
709 1088 854 1145 animalia
876 1093 966 1164 capta
988 1088 1040 1145 im·

160 1165 421 1242 molant,reliquas
435 1183 482 1224 res
497 1167 528 1224 in
543 1185 636 1224 unum
651 1167 750 1225 locum
762 1168 926 1226 conferunt.
962 1168 1039 1226 Mul·
1055 1167 1092 1225 10

159 1246 200 1302 tis
214 1246 247 1302 in
268 1246 446 1304 civitatibus
468 1246 573 1304 harum
595 1265 693 1304 rerum
714 1253 885 1306 exstructos
906 1248 1039 1306 tumulos

159 1325 232 1383 locis
253 1327 437 1384 consecratis
458 1326 624 1403 conspicari
646 1326 733 1385 licet:
756 1345 852 1402 neque
871 1345 950 1403 saepe
966 1328 1040 1386 acci-

158 1405 212 1477 dit,
229 1411 271 1476 ut,
288 1407 426 1481 neglecta
446 1406 598 1481 quispiam
615 1407 769 1482 religiono,
786 1413 838 1466 aut
852 1416 943 1482 cepta
958 1407 1038 1484 apud

159 1486 364 1544 seoccultare
398 1491 451 1542 aut
478 1487 579 1561 posita
603 1487 707 1544 tollere
732 1488 874 1562 auderet;
896 1487 1039 1562 gravissi·

156 1583 301 1641 mumque
322 1567 350 1623 ei
371 1565 413 1623 rei
434 1566 615 1642 supplicium
636 1585 704 1624 cum
732 1567 867 1625 cruciatu
895 1565 1091 1626 constitu-15

158 1651 224 1702 tum
240 1651 295 1703 est.

200 1727 245 1784 18.
269 1725 349 1784 Galli
371 1742 402 1782 se
424 1743 528 1784 omncs
543 1725 580 1782 ab
595 1725 667 1785 Dite
682 1731 766 1802 patre
781 1733 947 1802 prognatos
967 1745 1039 1804 prae·

158 1804 272 1876 dicant,
297 1805 384 1880 idque
414 1806 451 1862 ab
479 1806 638 1863 druidibus
661 1807 814 1882 proditum
835 1808 948 1865 dicunt.
991 1806 1039 1865 Ob

158 1902 227 1941 eam
254 1903 377 1942 causam
406 1886 506 1961 spatia
535 1886 632 1943 omnis
656 1887 801 1973 temporis
829 1905 889 1944 non
914 1903 1038 1944 numero

159 1965 284 2034 dierum,
307 1965 361 2022 sed
382 1967 515 2023 noctium
537 1964 663 2040 finiuut;
684 1967 749 2024 dies
768 1967 885 2024 natales
906 1971 937 2024 et
959 1984 1039 2024 men·
1053 1965 1091 2026 20

159 2044 239 2101 sium
262 2049 294 2102 et
319 2061 465 2102 annorum
491 2045 579 2102 initia
601 2045 644 2102 sic
664 2046 835 2116 observant,
861 2051 895 2102 ut
919 2051 1037 2104 noctem

158 2124 224 2181 dies
252 2125 481 2200 subsequatur(
504 2125 541 2182 In
566 2125 689 2200 reliquis
711 2126 782 2182 vitae
808 2125 958 2183 institutis
982 2126 1038 2183 hoc

159 2204 220 2262 fere
246 2204 284 2261 sb
310 2204 434 2280 reliquis
458 2205 607 2275 differunt,
631 2205 712 2280 quod
739 2221 811 2262 suos
838 2205 956 2275 liberos,
980 2205 1038 2262 nisi

159 2299 228 2340 cum
249 2284 455 2355 adoleverunt,
477 2290 512 2342 ut
533 2302 643 2342 munus
666 2284 780 2342 militiae
802 2286 950 2342 sustinere
972 2303 1039 2360 pos·

159 2363 229 2434 siut,
253 2364 354 2438 palam
384 2365 421 2422 ad
450 2381 482 2422 se
511 2365 592 2422 adire
616 2381 676 2420 non
698 2364 863 2440 patiuntur,
885 2364 1037 2441 filiumque
1053 2363 1101 2423 25-

158 2443 267 2518 puerili
282 2450 371 2502 aetate
386 2445 417 2502 in
432 2445 550 2519 publico
561 2444 593 2500 in
607 2449 770 2519 conspectu
784 2445 880 2519 petris
891 2444 1037 2502 adsistere

88 2538 91 2543 ’
159 2529 246 2597 turpe
262 2524 383 2582 ducunt.

201 2605 245 2661 19.
276 2603 353 2674 Viri,
382 2611 512 2679 quantas
540 2603 681 2679 pecunias
710 2604 747 2661 ab
779 2604 922 2662 uxoribus
956 2603 1037 2662 dotis

159 2682 280 2740 nomine
308 2689 495 2758 acceperunt,
522 2689 626 2740 tantas
649 2701 686 2742 ex
711 2684 776 2741 suis
799 2684 886 2742 bonis
911 2684 1039 2742 aestima·

159 2762 240 2820 tione
253 2764 333 2821 facta
345 2782 412 2822 cum
422 2764 546 2821 dotibus
559 2765 790 2822 communicant.
828 2764 928 2838 Hujus
940 2765 1037 2822 omnis
1052 2763 1091 2820 30

159 2844 293 2917 pecuniis
308 2844 489 2918 conjunctim
503 2843 581 2901 ratio
594 2843 723 2902 habetur
732 2845 906 2920 fructusque
918 2861 1038 2901 servan·

159 2927 223 2980 tur:
246 2930 314 2980 uter
327 2940 430 2980 eorum
446 2924 508 2981 vita
529 2924 687 2999 superarit,
703 2925 742 2982 ad
762 2942 831 2981 eum
845 2941 915 3000 pars
930 2923 1040 2980 utrius·

159 3021 216 3077 que
231 3020 300 3060 cunr
322 3003 470 3060 fructibus
491 3003 679 3078 superiorum
700 3010 869 3079 temporum
890 3002 1035 3078 pervenit.

159 3081 226 3139 Viri
243 3082 274 3139 in
289 3100 406 3151 uxores,
418 3083 506 3141 sicuti
519 3085 549 3140 in
560 3084 679 3153 liberos,
691 3083 761 3140 vitae
774 3083 912 3158 necisque
925 3081 1038 3139 habent

159 3168 362 3238 potestate1n3
392 3166 511 3220 etcum
533 3169 620 3239 pater
644 3161 763 3219 fanriliae
787 3162 947 3220 illustriore
972 3161 1038 3219 loco
1052 3160 1089 3217 35

160 3247 252 3299 natus
282 3242 420 3312 decessit,
449 3244 513 3318 ejus
540 3242 698 3318 propinqui
727 3242 918 3312 conveniunt,
943 3246 975 3299 et
1001 3242 1038 3299 de

160 3328 256 3378 morte
276 3322 306 3379 si
327 3339 375 3380 res
398 3323 429 3379 in
451 3323 655 3397 suspicionem
674 3322 766 3391 venit,
783 3323 819 3379 de
843 3321 985 3379 uxoribus
1006 3321 1038 3376 in

160 3401 301 3470 servilem
323 3402 445 3459 modum
467 3403 664 3478 quaestionem
685 3400 805 3470 habent,
820 3407 852 3458 et
866 3401 893 3458 si
908 3415 1039 3472 comper·-

161 3486 226 3539 tum
247 3485 304 3550 est,
320 3481 384 3558 igni
406 3487 496 3558 utque
511 3481 651 3538 omnibus
672 3479 832 3536 tormentis
853 3478 1039 3536 excruciatas

280 3575 297 3621 9
