2524 3776
477 291 592 338 urana
616 292 771 341 ramus.
1046 278 1090 345 23

150 441 279 501 vulnera
292 443 424 500 militum
449 447 481 500 et
501 449 625 520 propter
646 444 835 519 sepulturam
857 444 1034 518 occisorum,

150 523 247 581 nostri
278 523 412 580 triduum
440 523 551 581 morati
582 541 635 582 eos
657 525 743 600 sequi
771 542 832 582 non
853 525 1032 602 potuissent

150 602 255 662 Oaesar
269 603 307 660 ad
323 602 479 678 Lingonas
492 603 608 661 litteras
620 605 806 681 nunciosque
821 605 914 676 misit,
930 623 968 664 ne
982 623 1035 664 eos

148 682 300 740 frumento
325 701 401 741 neve
417 683 477 740 alia
492 700 523 741 re
533 685 695 759 juvarent:
717 685 770 760 qui
785 685 812 742 si
822 685 984 760 juvissent,
1000 704 1033 745 se

147 763 255 821 eodem
270 763 344 834 loce,
353 781 412 838 quo
428 763 599 833 Helvetios,
610 764 793 823 habiturum.
837 765 909 841 Ipse
931 767 1033 825 triduo
1068 769 1086 828 d

148 842 324 900 intermisso
348 860 417 901 cum
432 844 574 902 omnibus
589 845 684 919 copiis
699 862 751 902 eos
767 845 853 920 sequi
869 845 967 920 eoepit.

188 924 235 985 27.
259 922 395 981 Helvetii
422 925 557 981 omnium
572 940 672 982 rerum
688 924 791 1001 inopia
805 925 930 984 adducti
954 927 1033 1002 lega·

146 1009 196 1061 tos
218 1003 257 1061 de
278 1003 431 1061 deditione
446 1004 485 1061 ad
500 1022 570 1080 eum
585 1005 742 1062 miserunt.
787 1005 856 1079 Qui,
872 1023 941 1064 eum
961 1023 1032 1064 eum

145 1083 177 1140 in
192 1083 301 1141 itinere
316 1084 537 1154 convenissent,
554 1101 646 1160 seque
662 1085 700 1142 ad
720 1086 812 1159 pedes
826 1086 1031 1162 projecissent,

145 1164 381 1240 suppliciterque
402 1165 496 1222 locuti
511 1163 617 1222 flentes
638 1183 743 1241 pacem
765 1165 922 1242 petissent,
939 1172 1029 1243 atque
1047 1169 1084 1225 10

144 1261 198 1301 eos
227 1245 259 1301 in
286 1261 322 1302 eo
347 1245 420 1316 loco,
443 1263 503 1320 quo
528 1249 594 1302 tum
616 1250 727 1315 essent,
751 1261 838 1303 suum
864 1247 1030 1305 adventum

141 1330 309 1400 exspectare
314 1325 464 1399 jussisset,
476 1330 651 1401 paruerunt.
695 1325 741 1382 lio
755 1333 917 1402 postquam
929 1327 1033 1386 Caesar

143 1404 293 1480 pervenit,
309 1405 439 1474 obsides,
456 1422 550 1475 arma,
568 1422 682 1476 servos,
698 1404 750 1481 qui
765 1406 803 1463 ad
817 1423 870 1464 eos
885 1407 1032 1483 perfugis·

144 1491 222 1556 seut,
237 1485 384 1560 poposcit.
427 1485 508 1543 Dum
530 1503 567 1542 ea
588 1485 808 1561 conquiruntur
828 1491 861 1544 et
876 1487 1032 1544 conferun-

145 1570 205 1636 tur,
222 1573 310 1623 nocte
331 1565 516 1636 intermissa,
539 1566 661 1624 circiter
682 1564 839 1623 hominum
867 1567 951 1623 milia
977 1584 1031 1625 sex
1047 1567 1082 1626 15

142 1647 209 1720 ejus
238 1645 319 1721 pagi,
342 1645 393 1721 qui
416 1645 611 1721 Verbigenus
633 1646 812 1720 appellatur,
835 1647 900 1705 sive
921 1647 1030 1705 timore

142 1725 305 1800 perterriti,
325 1743 362 1783 ne
391 1726 484 1783 armis
505 1726 629 1784 traditis
661 1725 810 1800 supplicio
832 1726 1029 1797 afficerentur,

142 1805 208 1862 sive
230 1822 283 1881 spe
304 1806 414 1863 salutis
435 1805 559 1876 inducti,
575 1805 656 1882 quod
681 1804 712 1861 in
734 1811 821 1862 tanta
836 1807 1029 1864 multitudine

141 1885 355 1943 dediticiorum
377 1902 464 1943 suam
479 1885 581 1962 fugam
597 1891 652 1943 aut
663 1885 806 1943 occultari
831 1894 885 1944 aut
905 1887 1029 1943 omnino

143 1965 280 2040 ignorari
301 1983 391 2043 posse
412 1966 632 2034 existimarent,
647 1965 746 2041 prima
767 1972 854 2024 nocte
868 1985 906 2024 ex
919 1967 1030 2026 castris
1044 1971 1081 2028 20

142 2044 495 2121 Helvetiorumegressi
525 2046 564 2103 ad
587 2045 731 2104 Rhenum
752 2045 885 2122 finesque
907 2047 1030 2106 Germa·

143 2143 253 2183 norum
275 2126 504 2184 contenderunt.

182 2208 228 2265 28.
253 2207 342 2280 Quod
371 2206 422 2263 ubi
448 2205 551 2264 Ooesar
578 2205 690 2276 resciit,
716 2207 844 2282 quordm
872 2223 926 2282 per
953 2207 1027 2265 fines

142 2285 249 2356 ierant,
273 2286 330 2356 hia,
352 2287 398 2343 uti
421 2287 633 2362 conquirerent
657 2291 689 2343 et
709 2286 895 2356 reducerent,
918 2287 943 2344 si
969 2287 1026 2345 sibi

139 2366 265 2441 purgati
279 2383 346 2424 esse
360 2366 480 2436 vellent,
493 2365 670 2442 imperavit:
693 2365 833 2426 reductos
848 2367 879 2424 in
895 2367 1027 2426 hostium
1043 2371 1080 2428 25

141 2463 267 2503 numero
289 2446 415 2504 habuit:
446 2447 578 2522 reliquos
600 2463 713 2515 omnes,
734 2446 898 2518 obsidibus,
923 2448 1025 2516 armis,

139 2526 279 2602 perfugis
294 2526 424 2597 traditis,
440 2527 471 2583 in
486 2525 671 2584 deditionem
686 2527 810 2602 accepit.
855 2527 1025 2598 Helvetios,

140 2605 298 2682 Tulingoa
315 2605 498 2681 Latobrigos
520 2606 551 2663 in
573 2605 647 2663 fines
669 2623 749 2678 suos,
766 2607 846 2664 unde
861 2613 948 2665 erant
961 2624 1027 2682 pro-

139 2686 219 2754 iecti,
249 2686 359 2743 reverti
382 2687 495 2760 jussit;
530 2692 562 2743 et
588 2686 670 2761 quod
708 2687 849 2744 omnibus
876 2687 1025 2746 fructibus

139 2766 264 2824 amissis
283 2766 366 2823 domi
381 2766 457 2824 nihil
472 2771 546 2836 erat,
556 2783 616 2842 quo
631 2766 742 2823 famem
757 2767 930 2838 tolerarent,
941 2768 1025 2826 Allo-
1038 2771 1077 2828 3⁰

138 2847 285 2922 brogibus
300 2846 470 2921 imperavit,
482 2853 517 2904 ut
530 2847 569 2904 iis
584 2846 727 2904 frumenti
742 2847 860 2922 copiam
875 2847 1024 2907 iacerent:

138 2926 223 3002 ipsos
245 2926 358 3002 oppida
376 2927 527 3002 vicosque,
543 2943 619 3002 quos
642 2927 847 3008 incenderant,
863 2928 1023 2986 restituere

136 3007 241 3082 jussit.
284 3006 322 3064 Id
344 3023 381 3064 ea
404 3007 536 3064 maxime
561 3006 678 3064 ratione
701 3006 780 3076 feeit,
803 3007 885 3082 quod
923 3009 1022 3066 noluit

136 3105 207 3145 eum
229 3087 339 3157 locum,
354 3087 434 3144 unde
456 3086 594 3144 Helvetii
609 3086 818 3156 discesserant,
837 3105 962 3161 vacare3
984 3105 1021 3145 ne

137 3173 262 3243 propter
277 3167 444 3224 bonitatem
456 3183 597 3242 agrorum
612 3165 764 3236 Germani,
775 3167 827 3242 qui
842 3172 926 3225 trans
941 3167 1023 3226 Rhe·
1036 3169 1072 3226 35

137 3265 212 3304 num
236 3247 411 3317 incolunt,e
437 3248 502 3304 suis
526 3246 637 3304 finibus
660 3247 691 3304 in
715 3247 929 3304 Helvetiorum
946 3247 1021 3305 fines

137 3327 306 3386 transirent
336 3332 368 3384 et
387 3325 507 3385 finitimi
533 3326 639 3386 Galliae
662 3327 826 3401 provinciae
851 3326 1022 3401 Allobrogi·

138 3408 256 3484 busque
283 3412 395 3466 essent,
452 3407 546 3465 Boios
584 3406 759 3480 petentibus
788 3404 910 3472 AEduis,
938 3404 1019 3480 quod

138 3488 265 3566 egregia
279 3488 393 3545 virtute
408 3493 495 3544 erant
510 3487 634 3560 cogniti,
652 3492 686 3542 ut
707 3486 738 3541 in
760 3484 870 3540 finibus
884 3483 948 3540 suis
963 3482 1020 3540 col·
