2548 3774
187 265 248 330 112
457 280 503 327 nr
528 279 648 326 nunno
674 277 848 326 eannrco.

237 430 329 488 currit
354 430 492 488 inimicus
514 429 557 487 illi
581 429 722 486 Vorenus
742 436 774 485 et
794 426 943 484 laboranti
964 425 1114 484 subvenit

238 510 289 569 Ad
311 510 390 567 hunc
412 528 444 567 se
465 509 625 566 confestim
647 528 665 566 a
687 508 823 564 Pullione
838 507 937 563 omnis
952 506 1115 564 multitudo

237 590 405 662 convertit3
420 589 505 645 illum
520 595 626 646 veruto
641 587 818 645 transfixum
835 587 1026 644 arbitrantur.
1060 584 1114 643 Oc·

238 675 340 727 cursat
354 669 438 727 ocius
453 669 555 743 gladio
570 669 796 742 comminusque
812 684 874 723 rem
886 667 963 740 gerit
974 665 1113 722 Vorenus

204 753 221 808 5
239 755 329 825 atque
344 767 404 806 uno
419 749 576 805 interfecto
587 747 719 822 reliquos
733 747 856 822 paulum
871 745 1027 821 propellit:
1043 745 1114 802 dum

238 829 376 903 cupidius
398 829 502 899 instat,
518 828 548 884 in
570 827 669 884 locum
685 827 818 902 dejectus
833 825 1006 882 inferiorem
1021 825 1114 881 conei-

237 907 289 965 dit.
320 907 401 964 Huic
415 925 519 965 rursus
534 907 737 964 circumvento
750 906 808 964 fert
823 905 993 962 subsidium
1006 904 1112 974 Pulfi0,

236 999 327 1062 atque
343 988 431 1045 ambo
445 987 611 1044 incolumes
626 986 832 1060 compluribus
846 985 1020 1054 interfectis„
1036 1001 1114 1040 sum·

236 1084 286 1123 ma
301 1085 368 1124 cum
383 1066 472 1123 laude
492 1085 558 1124 sese
573 1067 653 1122 intra
668 1065 851 1123 munitiones
866 1065 1020 1139 recipiunt.
1064 1063 1115 1121 Sic

187 1148 221 1205 10
236 1147 356 1204 fortuna
371 1145 402 1202 in
418 1146 607 1204 contentione
621 1152 651 1202 et
665 1145 828 1202 certamine
844 1150 1004 1220 utrumque
1018 1160 1114 1201 versa-

236 1226 289 1296 vit,
306 1233 340 1283 nt
362 1226 438 1282 alter
461 1226 546 1282 alteri
570 1225 709 1282 inimicus
731 1224 842 1281 auxilio
858 1224 1007 1300 salutique
1022 1231 1112 1295 esset,

235 1308 332 1380 neque
353 1304 511 1379 dijudicari
531 1311 644 1381 posset,
660 1312 727 1362 uter
741 1305 800 1362 utri
817 1305 929 1361 virtute
951 1305 1114 1362 anteferen-

235 1385 292 1442 dus
315 1385 472 1442 videretur.

275 1467 321 1522 45.
345 1464 466 1538 Quanto
487 1469 553 1521 erat
574 1464 604 1520 in
627 1464 692 1520 dies
713 1463 835 1537 gravior
862 1469 952 1538 atque
981 1462 1113 1537 asperior

184 1545 220 1602 15
235 1544 431 1618 oppugnatio,
447 1551 478 1600 et
499 1544 630 1600 maxime
645 1543 725 1618 quod
750 1561 862 1617 magna
877 1551 964 1617 parte
979 1543 1112 1598 militum

149 1644 152 1648 ·
235 1623 371 1680 confecta
386 1623 561 1680 vulneribus
586 1641 634 1680 res
656 1623 693 1679 ad
715 1624 900 1696 paucitatem
919 1623 1112 1679 defensorum

232 1708 418 1777 pervenerat,
446 1708 533 1760 tanto
561 1702 723 1760 crebriores
751 1703 858 1759 litterae
887 1702 1043 1776 nuntiique
1073 1701 1112 1758 ad

235 1780 386 1839 Caesarem
407 1782 622 1840 mittebantur:
645 1799 771 1856 quornm
786 1799 855 1857 pars
870 1781 1057 1855 deprebensa
1081 1781 1112 1836 in

234 1868 395 1936 conspectu
417 1869 587 1919 nostrornm
609 1861 739 1918 militum
756 1879 824 1918 cum
839 1861 974 1918 cruciatu
988 1861 1112 1917 necaba-

181 1942 219 1998 20
234 1946 290 1998 tur.
334 1941 410 1998 Erat
424 1959 501 1998 nnus
517 1941 598 1998 intus
615 1941 754 2009 Nervius,
767 1941 885 1997 nomine
902 1940 1034 2009 Vertic0,
1044 1939 1111 1998 loeo

233 2025 323 2077 natus
345 2020 480 2091 honesto,
496 2022 547 2095 qni
563 2021 691 2096 aprima
706 2021 861 2077 obsidione
883 2019 920 2076 ad
937 2018 1112 2082 Ciceronem

232 2100 406 2174 perfugerat
422 2118 567 2174 suamque
583 2102 610 2157 ei
626 2100 713 2156 fidem
725 2101 915 2175 praestiterat.
946 2099 1007 2156 Hic
1022 2117 1111 2156 servo

233 2197 286 2253 spe
302 2179 451 2236 libertatis
466 2180 644 2255 magnisque
658 2180 820 2254 persuadet
834 2179 972 2252 praemiis,
983 2185 1018 2236 nt
1033 2179 1109 2236 litte·

232 2265 281 2314 ras
297 2259 335 2316 ad
351 2259 501 2317 Caesarem
516 2259 639 2317 deierat.
670 2259 738 2315 Has
753 2259 802 2315 ille
818 2259 848 2314 in
858 2259 959 2332 jaculo
974 2258 1108 2331 illigatas

180 2337 217 2396 25
232 2337 323 2407 effert,
348 2345 379 2396 et
400 2339 506 2397 Gallus
529 2339 608 2396 iuter
630 2337 735 2397 Gallos
764 2339 828 2396 siue
854 2338 916 2395 ulla
940 2337 1110 2412 suspicione

233 2424 372 2474 versatus
388 2418 426 2474 ad
443 2417 591 2476 Caesarem
612 2419 757 2494 pervenit.
801 2419 851 2474 Ab
867 2435 902 2474 eo
917 2417 954 2474 de
969 2417 1108 2491 periculis

234 2496 388 2554 Ciceronis
403 2497 589 2574 legionisque
604 2499 802 2572 cognoscitur.

272 2580 319 2635 46.
343 2576 445 2634 Caesar
460 2578 589 2652 acceptis
603 2578 713 2635 litteris
728 2577 801 2635 hora
821 2577 938 2634 circiter
951 2575 1109 2633 undecima

232 2655 300 2727 diei,
330 2657 435 2713 statim
465 2658 607 2715 nuncium
636 2658 667 2714 in
695 2657 873 2714 Bellovacos
902 2658 940 2712 ad
969 2655 1108 2712 Marcum

179 2736 217 2792 30
234 2734 379 2792 Crassum
394 2743 574 2810 quaestorem
595 2737 708 2809 mittit3
730 2739 815 2810 cujus
838 2736 963 2792 hiberna
984 2734 1109 2791 aberant

157 2869 160 2874 ,
232 2814 270 2870 ab
285 2833 320 2871 eo
335 2814 420 2871 milia
433 2833 580 2889 passuum
593 2817 701 2889 viginti
716 2817 855 2891 quinque.
898 2815 918 2872 J
921 2815 994 2871 ubet
1009 2814 1110 2880 media

232 2900 319 2951 noete
335 2893 484 2967 legionem
505 2894 651 2970 proficisci
673 2894 866 2969 celeriterque
890 2894 927 2950 ad
949 2910 981 2950 se
996 2893 1107 2950 venire.

231 2972 318 3030 Exiit
345 2991 414 3030 cum
442 2973 550 3031 nuncio
580 2973 717 3032 Crassus.
761 2974 902 3030 Alterum
931 2972 969 3028 ad
998 2971 1109 3030 Caium

232 3052 362 3110 Fabium
390 3052 525 3126 legatum
555 3053 660 3123 mittit,
691 3053 783 3109 ut'in
811 3052 1007 3109 Atrebatium
1036 3051 1110 3108 fines

177 3136 213 3191 35
230 3130 380 3197 legionem
403 3132 541 3201 adducat,
557 3151 616 3207 qua
637 3132 695 3188 sibi
716 3133 774 3189 iter
794 3132 964 3188 faciendum
985 3131 1108 3186 sciebat.

232 3209 344 3266 Scribit
360 3211 504 3279 Labieno,
521 3211 547 3268 si
568 3211 738 3284 reipublicae
760 3211 917 3268 commodo
933 3211 1109 3284 iacere'pos-

231 3294 285 3356 set,
302 3307 369 3345 cum
395 3288 511 3361 legione
535 3291 572 3346 ad
596 3290 669 3346 fines
691 3289 872 3346 Nerviorum
896 3290 1016 3345 veniat:
1045 3289 1109 3348 reli·

230 3383 321 3439 quam
340 3374 455 3439 partem
477 3369 634 3437 exereitus,
651 3369 730 3442 quod
753 3370 842 3442 paulo
858 3369 962 3425 aberat
976 3367 1108 3441 longius.

229 3446 669 3518 nonputatexspeetandan13
690 3448 807 3520 equites
829 3448 947 3505 circiter
969 3447 1108 3521 quadrin-

231 3527 339 3596 gentos
353 3540 389 3578 ex
403 3523 548 3597 proximis
565 3523 696 3580 hibernis
710 3527 801 3598 cogit.

1268 3221 1270 3334 l
