2548 3774
189 297 233 363 m
481 313 528 361 un
552 311 673 360 annuo
697 311 873 362 asueroo.

240 463 380 523 omnibus
389 463 480 522 rebus
490 463 677 540 postpositis,
690 481 832 539 maguam
841 468 959 540 partem
969 462 1125 540 equitatus

241 544 280 602 ed
312 563 363 603 um
385 543 606 619 insequendum
628 544 726 601 mittit
739 544 910 618 retrahique
926 544 1075 618 imperat:
1097 544 1124 602 si

240 624 305 681 rim
326 623 528 699 sociatusque
543 629 657 698 pareat,
674 623 801 681 interfici
818 624 923 697 jubet:
945 623 1021 682 nihil
1045 624 1124 682 hune

240 721 272 762 se
295 705 420 761 absente
443 720 496 779 pro
520 721 596 760 sane
620 703 769 761 facturum
794 704 970 775 arbitratae,
986 705 1037 780 qui
1051 722 1113 780 prae

205 784 336 843 fisentis
357 783 517 858 imperium
540 783 734 857 neglexisset.
776 782 833 841 Illa
862 784 943 841 enim
964 791 1124 842 revocatus

239 864 379 922 resistere
405 880 440 921 ac
465 880 497 920 se
522 880 615 920 manu
637 861 797 921 defendere
825 881 1007 939 suorumque
1036 863 1124 922 tidem

238 943 399 1020 implorare
421 943 520 1019 coepit,
537 959 616 1018 sepe
637 943 807 1013 clamitans,
850 943 978 1001 liberum
999 960 1031 1001 se
1052 943 1125 1002 libe·

238 1041 337 1100 raeque
356 1041 424 1081 esse
444 1023 588 1081 civitatis.
651 1021 709 1092 Illi,
728 1027 846 1080 uteret
865 1024 1054 1098 imperatum,
1070 1024 1124 1081 eir·

239 1104 422 1162 cumsistuut
444 1103 594 1161 bominem
618 1108 708 1178 atque
734 1102 932 1178 interficiunt3
954 1108 986 1160 at
1004 1103 1123 1179 equites

188 1182 224 1242 lo
238 1183 332 1242 AEdui
347 1183 386 1242 ad
402 1183 552 1243 cesarem
568 1199 672 1240 omnes
688 1187 887 1256 revertuntur.
1150 1197 1154 1204 ’

281 1267 307 1322 8.
331 1263 391 1321 His
410 1262 501 1320 rebus
522 1262 627 1338 gestie,
650 1261 787 1320 Labieno
808 1264 838 1320 in
860 1263 1032 1321 continente
1053 1281 1122 1321 cum

239 1344 338 1402 tribus
353 1343 524 1418 legionibus
545 1349 576 1400 et
589 1343 725 1417 equiturn
740 1343 860 1400 milibus
875 1344 994 1401 duobus
1007 1343 1121 1414 relicte,

239 1429 273 1481 ut
287 1430 393 1498 pertus
406 1428 541 1480 tueretur
555 1429 586 1480 et
607 1440 670 1479 rem
692 1423 919 1482 frumentariam
941 1423 1121 1498 provideret,

238 1521 362 1579 qumque
377 1503 409 1560 in
424 1502 525 1562 Gallia
539 1508 714 1578 gererentur
729 1509 933 1578 cognosceret,
949 1504 1122 1562 consilium-

188 1583 223 1641 15
238 1602 295 1659 qua
309 1600 363 1658 pro
378 1588 511 1657 tempore
526 1590 557 1640 et
571 1600 625 1658 pro
639 1599 670 1640 re
685 1589 814 1659 caperet,
828 1586 892 1660 ipse
907 1601 975 1641 cum
989 1584 1121 1659 quinque

237 1663 408 1738 legionibus
430 1668 462 1720 et
483 1663 546 1738 pari
571 1679 695 1720 numero
718 1664 853 1739 equitum
875 1681 965 1740 quem
984 1664 1014 1720 in
1029 1665 1123 1722 eonti-

239 1744 322 1800 nenti
336 1743 531 1818 relinquebat,
548 1742 585 1800 ad
606 1741 680 1800 selis
701 1758 841 1801 oceasum
863 1761 957 1802 naves
973 1743 1065 1802 solvit
1088 1748 1121 1802 et

238 1823 298 1880 leui
323 1823 425 1881 Africo
447 1829 617 1899 provectus,
643 1822 742 1880 media
770 1824 887 1881 circiter
916 1832 1002 1882 nocte
1028 1831 1121 1882 vente

238 1904 418 1975 intermisso,
443 1920 563 1960 cursum
592 1919 652 1959 non
677 1903 782 1972 tenuit,
806 1910 838 1962 et
858 1903 980 1978 longius
1000 1904 1121 1962 delatus

186 1983 223 2040 20
238 1990 314 2041 estu
347 1990 414 2042 orta
437 1982 503 2041 luce
537 1983 594 2040 sub
622 1983 747 2040 sinistra
773 1983 965 2042 Britanniam
984 1984 1121 2042 relictam

238 2064 401 2139 conspexit.
437 2063 516 2121 Turn
530 2080 635 2121 rursus
650 2068 744 2122 aestus
758 2063 1024 2122 commutationem
1039 2082 1121 2122 seeu-

177 2181 182 2189 -
237 2149 288 2202 tus
311 2145 401 2202 remis
422 2143 578 2201 contendit
593 2149 627 2200 ut
641 2161 709 2200 eam
729 2149 847 2220 partem
870 2144 976 2202 insula
990 2149 1119 2221 caperet,

237 2241 297 2298 qua
311 2224 457 2300 optimum
472 2241 538 2281 esse
553 2241 710 2298 egressum
726 2225 876 2300 superiore
891 2231 997 2282 testate
1012 2243 1121 2300 cogne-

238 2309 331 2362 verat.
375 2304 443 2377 Qua
472 2304 503 2361 in
531 2321 562 2361 re
591 2303 753 2361 admodum
781 2304 839 2362 fuit
866 2305 997 2362 militum
1023 2307 1119 2363 virtus

186 2381 223 2438 25
238 2382 397 2453 laudanda,
420 2383 472 2460 qui
495 2383 636 2441 vectoriis
660 2384 865 2460 gravibusque
894 2385 1036 2460 navigiis,
1059 2403 1120 2443 non

238 2463 409 2522 intermisso
430 2463 598 2539 remigandi
620 2464 731 2535 labore,
744 2463 903 2539 longarum
919 2466 1042 2523 navium
1057 2483 1120 2523 eur-

238 2560 305 2600 sum
335 2543 539 2618 adaequarunt.
583 2544 751 2603 Accessum
778 2552 826 2602 est
855 2545 893 2603 ad
927 2545 1118 2605 Britanniam

238 2623 378 2680 omuibus
394 2624 523 2681 navibus
544 2624 710 2681 meridiano
726 2624 786 2682 iere
801 2631 954 2701 tempore:
977 2643 1072 2701 neque
1086 2626 1119 2683 in

237 2720 273 2760 eo
296 2703 361 2760 leco
384 2702 481 2761 bostis
503 2709 551 2761 est
571 2704 664 2775 visne,
689 2704 752 2775 sed,
776 2712 810 2762 ut
828 2713 937 2781 postea
958 2705 1062 2764 Caesar
1082 2722 1119 2764 ex

186 2789 223 2846 30
238 2783 367 2858 captivis
388 2785 540 2859 comperit,
557 2801 625 2841 cum
645 2802 766 2859 magna
787 2803 897 2842 manus
914 2803 950 2843 eo
964 2786 1120 2843 convenis·

209 2891 211 2898 ·
240 2869 317 2932 sent,
332 2862 527 2921 multitudine
550 2865 674 2922 navium
694 2866 860 2942 perterritae
878 2873 959 2940 (quae
980 2883 1047 2923 cum
1069 2883 1121 2923 an·

239 2943 355 3001 uotiuis
389 2943 585 3019 privatisque,
615 2962 691 3020 quas
726 2945 773 3002 sui
808 2945 934 3022 quisque
968 2945 1119 3004 commodi

239 3023 359 3092 fecerat,
386 3023 516 3098 amplius
541 3023 721 3098 octingentae
748 3041 807 3081 uno
832 3032 920 3082 erant
944 3026 1018 3082 visae
1046 3030 1119 3084 tem·

237 3107 335 3178 pore),
353 3120 372 3159 a
393 3101 479 3160 litore
501 3103 704 3162 discesserant
724 3122 760 3162 ae
780 3121 812 3163 se
833 3105 865 3162 in
886 3106 1040 3182 superiora
1054 3105 1121 3165 loca

187 3184 225 3240 35
241 3183 427 3240 abdiderant.

281 3266 305 3320 9.
330 3262 441 3332 Oaesar,
457 3262 593 3338 exposito
614 3262 746 3322 exercitu
761 3268 792 3322 et
806 3263 873 3322 loco
887 3265 997 3324 castris
1010 3265 1120 3325 idoneo

239 3347 335 3416 eapte,
351 3342 402 3399 ubi
416 3359 453 3398 ex
468 3343 597 3432 captivis
618 3344 770 3418 coguovit,
786 3361 846 3420 quo
860 3344 891 3402 in
905 3345 971 3404 loco
986 3346 1119 3405 hostium

238 3421 331 3496 copias
345 3421 562 3492 consedissent,
579 3421 752 3480 cohortibus
767 3424 869 3483 decem
885 3426 924 3484 ad
939 3444 1023 3486 mare
1038 3428 1120 3487 relie-

238 3497 279 3557 tis
305 3504 337 3557 et
364 3500 515 3576 equitibus
547 3502 699 3575 trecentis,
727 3503 779 3579 qui
812 3505 953 3581 prasidio
987 3508 1119 3567 navibus
