2548 3774
406 320 519 368 urana
544 321 720 376 Qurnrus.
902 353 910 374 ,
984 309 1045 373 115

116 466 144 528 ln
158 468 204 528 his
224 470 472 528 administrandis
493 471 582 528 rebus
604 488 694 545 qnam
717 471 848 528 maxime
867 487 988 531 concur·

116 551 172 608 sari
186 557 217 609 et
231 569 299 608 cum
315 551 505 610 simulatione
521 552 638 608 timoris
653 551 703 625 agi
713 551 806 624 jubet.

150 633 196 687 51.
222 631 340 704 Quibus
356 631 496 687 omnibns
517 631 606 687 rebus
622 630 726 688 hostes
747 630 868 687 invitati
883 630 988 705 copias

114 710 310 767 transducunt
325 711 479 785 aciemque
495 710 598 785 iniquo
614 711 678 768 loco
693 711 899 784 constituunt3
921 728 988 767 nos-

114 789 164 845 tris
179 807 248 846 vero
274 790 366 846 etiam
382 790 418 846 de
435 789 514 846 vallo
536 789 680 860 deductis,
696 791 817 866 propius
839 789 984 848 accedunt
1020 791 1038 850 t

112 874 141 924 et
154 868 213 925 tela
234 869 315 926 intra
337 869 535 926 munitionem
550 887 588 926 ex
602 869 742 926 omnibus
758 869 896 945 partibus
916 887 988 930 cen·.

116 947 240 1022 jiciunt;
276 949 521 1024 praeconibusque
543 948 763 1006 'circummissis
794 947 985 1026 pronunciari

116 1027 226 1100 jubent,
253 1046 308 1085 seu
336 1029 403 1104 quis
432 1027 539 1087 Gallus
560 1046 614 1086 seu
640 1029 798 1086 Romanus
820 1029 893 1086 velit
914 1033 984 1086 ante

112 1104 210 1164 horam
231 1109 355 1165 tertiam
378 1108 415 1166 ad
437 1125 468 1165 se
490 1109 626 1177 transire,
643 1109 707 1165 sine
728 1108 858 1184 periculo
880 1108 984 1182 ltcere3

111 1195 175 1258 post
188 1188 218 1245 id
233 1193 356 1263 tempus
378 1205 437 1245 non
459 1188 521 1245 iore
535 1194 733 1264 potestatem:
756 1207 790 1246 ac
805 1189 848 1246 sie
864 1193 984 1245 nostros
1001 1187 1034 1245 10

112 1273 362 1342 contempserunt,
378 1274 412 1324 ut
432 1268 596 1325 obstructis
618 1268 649 1324 in
671 1268 801 1342 speeiem
815 1268 912 1344 portis
927 1267 986 1324 sin·

111 1346 185 1418 gulis
205 1348 365 1405 ordinibus
386 1348 542 1422 cespitum,
559 1348 638 1422 quod
659 1365 696 1404 ca
718 1365 777 1405 non
791 1365 880 1424 posse
895 1347 985 1404 intro-

111 1441 239 1502 rumpere
254 1427 445 1496 videbantur,
461 1428 512 1484 alii
528 1428 641 1483 vallum
658 1445 749 1484 manu
771 1428 914 1496 scindere,
931 1426 983 1483 alii

111 1504 201 1562 fossas
222 1507 372 1582 complere
393 1507 568 1581 inciperent.
612 1507 689 1563 'lum
713 1506 815 1565 Caesar
843 1506 983 1564 omnibus

110 1586 198 1656 portis
218 1587 376 1661 eruptione
398 1587 478 1644 facta
498 1587 693 1662 equitatuque
715 1588 825 1644 omisso
847 1587 982 1643 celeriter
999 1585 1033 1643 15

111 1661 206 1723 hostes
221 1667 251 1723 in
268 1667 374 1742 fugam
388 1665 449 1737 dat,
466 1667 568 1724 sicuti
584 1667 705 1723 omnino
719 1667 875 1742 pugnandi
890 1683 982 1723 causa

111 1745 259 1804 resisteret
273 1763 381 1819 nemo;
402 1763 605 1821 magnumque
619 1764 658 1803 ex
677 1746 721 1803 eis
737 1763 894 1804 numerum
909 1745 983 1804 occi-

110 1822 253 1900 ditatque
270 1843 375 1882 omncs
391 1827 483 1883 armis
497 1827 589 1883 exuit.

146 1907 188 1962 52.
212 1906 353 1978 Longius
380 1906 521 1980 prosequi
545 1906 668 1974 veritae,
690 1905 771 1980 quod
794 1905 878 1962 silvae
898 1905 982 1981 paln-

110 1981 213 2058 desque
242 1985 477 2055 intercedebant,
500 2003 596 2060 neque
624 1985 716 2042 ctiam
740 1986 868 2060 parvulo
893 1985 1032 2042 deul-20

110 2071 203 2122 mento
218 2065 338 2122 illorum
356 2065 454 2122 locum
469 2064 595 2139 relinqui
613 2065 742 2132 videbat,
759 2065 896 2120 omnibus
915 2065 979 2122 suis

88 2140 303 2201 incolumibus
331 2144 426 2219 copiis
453 2144 559 2201 eodem
582 2145 630 2201 die
654 2145 693 2201 ad
718 2144 892 2202 Ciceronem
917 2162 981 2220 per-

109 2223 192 2280 venit.
234 2224 400 2282 Institutas
421 2229 527 2294 turres,
550 2225 719 2281 testudines
737 2225 979 2298 munitionesque

110 2297 234 2360 hostium
251 2304 434 2361 admiratur:
457 2304 575 2378 legione
590 2304 736 2377 producta
751 2304 906 2377 cognoscit
920 2321 980 2360 uon

109 2379 251 2440 decimum
274 2401 421 2459 quemque
436 2401 502 2440 esse
524 2384 672 2458 reliquum
695 2383 820 2439 militem
838 2383 901 2439 sine
918 2383 980 2439 vul·
995 2382 1031 2439 25

109 2475 178 2520 nere.
221 2464 272 2521 Ex
294 2463 341 2520 his
365 2463 503 2520 omnibus
521 2464 637 2536 judicat
662 2463 760 2533 rebus,
776 2469 889 2537 quanto
910 2481 978 2519 cum

108 2542 232 2612 periculo
260 2548 292 2600 et
320 2549 435 2618 quanta
460 2561 528 2600 cnm
550 2543 661 2599 virtute
686 2560 734 2599 res
759 2543 820 2599 sint
839 2542 980 2598 adminis

108 2622 202 2680 tratae:
226 2622 403 2681 Ciceronem
423 2640 477 2698 pro
490 2625 555 2696 ejus
570 2623 676 2679 merito
697 2622 907 2696 legionemque
922 2622 979 2678 ccl-

108 2696 219 2761 laudat:
244 2703 433 2760 centuriones
446 2702 623 2776 singillatim
639 2702 835 2776 tribunosque
847 2701 977 2758 militnm

108 2782 241 2854 appellat,
265 2800 392 2857 qnorum
419 2783 574 2857 egregiam
602 2782 696 2838 fuisse
725 2782 867 2838 virtutem
895 2781 1028 2838 testi-30

107 2862 200 2919 monio
231 2861 385 2920 Ciceronis
409 2867 599 2936 cognoverat.
644 2861 690 2918 De
716 2878 788 2918 casu
813 2860 917 2918 Sabini
945 2867 978 2918 et

108 2935 197 2998 Cottae
220 2943 332 2999 certius
359 2960 397 3017 ex
421 2941 550 3016 captivis
574 2941 736 3015 cognoscit.
780 2941 907 2997 Postero
928 2940 976 2997 die

107 3021 241 3079 concione
254 3020 359 3078 habita
374 3038 435 3078 rem
451 3027 568 3097 gestam
584 3020 733 3096 proponit,
749 3020 860 3077 milites
875 3037 978 3076 conso-

106 3093 180 3157 latur
206 3108 237 3158 et
265 3101 438 3158 coufirmat:
473 3101 554 3176 quod
581 3101 795 3157 detrimentum
822 3100 911 3173 culpa
945 3105 985 3162 et,

107 3180 269 3238 temeritate
292 3181 383 3255 legati
405 3181 445 3238 sit
466 3186 630 3256 acceptum,
647 3179 703 3236 hoc
723 3179 852 3254 aequiore
874 3179 975 3236 animo
991 3177 1026 3234 35

108 3255 254 3318 ferendum
290 3261 386 3330 docet,
415 3260 495 3336 qued
524 3259 666 3316 beneficio
700 3259 822 3316 deorum
858 3259 976 3315 immor·

107 3337 204 3396 talium
218 3349 250 3398 et
266 3341 377 3396 virtute
397 3357 502 3396 ccrnrn
524 3339 644 3413 expiato
666 3338 863 3406 incommode,
880 3355 975 3412 neque

107 3411 236 3477 hostibus
258 3420 377 3477 diutina
398 3419 511 3476 laetatio
527 3436 623 3493 neque
650 3417 725 3492 ipsis
753 3417 871 3492 longior
892 3417 977 3478 dolor
1023 3424 1025 3427 ’

107 3496 293 3574 relinquatur.
