2548 3774
160 295 221 359 lto
426 305 620 356 nnsnnno
645 305 817 354 cinereo.

209 477 300 536 quam
327 459 470 536 prodesse
493 458 560 516 aliis
585 457 648 515 vim
672 457 917 530 celeritatem-que
942 455 1091 528 viderant,-

208 539 321 597 imitari
338 543 518 615 potuerunt3
540 537 594 596 sed
615 555 647 595 se
668 537 699 594 in
720 543 820 595 eastra
837 537 967 611 recipere
990 536 1091 610 cenati
1114 551 1115 556 ¹

208 619 345 696 iniquum
361 619 504 676 inlocum
519 618 711 675 demiserunt.
743 616 952 685 Centuriones,
963 633 1089 690 quorum

208 700 344 757 nonnulli
364 716 402 756 ex
423 697 615 755 inferioribus
630 697 786 754 ordinibus
800 695 984 772 reliquarum
999 696 1088 770 legio

162 782 196 839 (5
208 796 280 836 num
292 779 415 856 virtutis
430 795 521 836 causa
535 778 566 834 in
582 777 749 853 superiores
763 783 851 834 erant
865 776 986 834 ordines
1001 775 1092 849 hujus
1175 778 1178 782 '

208 859 338 933 legionis
354 858 532 926 transducti,
543 875 580 914 ne
596 864 666 915 ante
680 864 799 932 partam
814 857 857 914 rei
872 855 1013 914 militaris
1028 856 1088 912 lau·

208 939 278 996 dem
300 939 482 1008 amitterent,
504 937 667 995 fortissime
690 943 862 1012 pugnantes
887 935 1087 995 conciderunt

209 1019 344 1076 Militum
358 1035 428 1095 pars
444 1017 550 1074 horum
562 1017 675 1074 virtute
690 1016 840 1074 submotis
856 1016 996 1074 hostibus
1016 1033 1087 1090 pra·

208 1104 255 1156 ter
269 1115 353 1173 spem
372 1097 532 1155 incolumis
547 1097 578 1153 in
593 1103 694 1154 castra
714 1097 874 1172 pervenit;
896 1113 967 1171 pars
988 1112 1006 1152 a
1026 1096 1091 1154 bar-5

159 1178 194 1238 {0
208 1177 290 1236 baris
311 1178 516 1235 circumventa
535 1177 634 1252 periit.
1087 1203 1093 1233 .·

248 1260 296 1316 41,
320 1257 464 1316 Germani
484 1258 644 1332 desperata
665 1256 889 1332 expugnatione
911 1262 1088 1326 castrorum,

209 1338 289 1413 qnod
304 1345 424 1396 nostros
440 1338 504 1412 jam
526 1336 702 1394 constitisse
723 1337 755 1393 in
776 1336 994 1394 munitionibus
1009 1337 1091 1394 vide·

208 1417 291 1488 bant,
315 1435 383 1474 cum
408 1435 444 1473 ea
467 1417 577 1493 praedo,
601 1433 691 1491 quam
713 1417 745 1474 in
768 1416 854 1474 silvis
877 1415 1091 1491 deposuerant,

208 1503 292 1554 trans
320 1496 462 1554 Rhenum
492 1513 558 1554 sese
586 1501 770 1570 receperunt.
824 1498 871 1554 Ac
898 1501 1004 1554 tantus
1032 1496 1094 1553 fuit.

158 1577 192 1635 15
207 1577 299 1634 etiam
322 1582 392 1650 post
412 1575 580 1634 discessum
602 1575 735 1634 hostium
756 1583 859 1646 terror,
882 1582 916 1634 ut
935 1593 972 1633 ea
991 1582 1092 1646 noete,

208 1673 275 1716 cum
293 1656 388 1715 Gaius
402 1655 577 1714 Volusenus
590 1656 704 1713 missus
724 1673 792 1714 eum
807 1655 945 1730 equitatu
963 1656 1007 1713 ed
1026 1673 1092 1714 cas-

207 1742 255 1793 tro
267 1736 410 1806 venisset,
427 1735 514 1793 iidem
530 1753 590 1793 non
605 1737 716 1794 faceret
729 1735 836 1801 ¹adesse
857 1753 933 1799 cum,
946 1735 1095 1794 ineolumi-

210 1815 361 1874 Oaesarem
375 1815 517 1874 exercitu.
562 1815 612 1874 Sic
633 1815 767 1873 omnium
783 1815 900 1872 animos
914 1815 1005 1872 timor
1018 1833 1090 1890 pre⁴

208 1901 417 1971 occupaverat,
428 1900 462 1951 ut
475 1911 559 1970 paene
572 1895 704 1952 alienata
719 1889 818 1953 r‘uente
828 1895 1089 1953 deletisomnibus

156 1976 194 2033 20
208 1975 304 2050 copiis
318 1975 486 2050 equitatum
501 1980 623 2033 tantum
644 1992 676 2032 se
697 1993 734 2032 ex
755 1975 829 2050 fuga
850 1975 999 2050 recepisse
1014 1976 1089 2033 diee-

209 2061 284 2124 rent,
313 2073 418 2132 neque·¹
445 2054 588 2112 incolumi
622 2055 756 2112 exercitu
784 2055 957 2114 Germanos,
987 2061 1090 2113 costra

209 2141 439 2209 oppugnaturos
454 2133 547 2191 fuisse
568 2135 792 2194 contenderent.
837 2136 933 2208 Quem
948 2135 1093 2211 timoremn

211 2213 341 2272 Oaesaris
363 2214 513 2271 adventus
535 2213 667 2273 sustulit.
825 2221 829 2228 ’

250 2297 295 2352 42.
327 2293 482 2351 Reversus
511 2293 561 2350 ille
589 2299 718 2351 eventus
745 2293 816 2351 belli
844 2312 904 2351 non
933 2293 1088 2368 ignorans,

156 2373 193 2430 23,
209 2390 311 2443 unum,
327 2374 409 2448 quod
423 2372 563 2430 cohortes
577 2391 614 2430 ex
628 2375 760 2431 statione
781 2379 812 2431 et
832 2374 971 2449 praesidio
985 2379 1088 2447 essent

209 2453 336 2522 emissae,
352 2460 486 2529 questus
504 2470 540 2510 ne
561 2453 686 2510 minimo
708 2453 829 2529 quidem
844 2472 916 2510 casu
931 2454 1030 2511 locum
1045 2471 1092 2511 rea

209 2531 305 2608 linqui
320 2533 468 2604 debuisse,
485 2532 614 2589 multum
629 2533 781 2590 fortunam
800 2533 831 2590 in
848 2533 1006 2609 repentino
1022 2533 1088 2590 hos-

209 2612 285 2669 tium
301 2614 435 2670 adventu
455 2611 590 2688 potuisse
608 2611 775 2686 judicavit;
796 2612 892 2670 multo
912 2614 1007 2670 etiam
1028 2631 1091 2670 am·

208 2692 297 2767 plius
312 2693 392 2767 quod
408 2710 492 2769 paene
514 2693 551 2750 ab
572 2691 639 2767 ipso
654 2693 734 2749 vallo
749 2693 904 2768 portisque
920 2700 1091 2753 castrorum·

155 2773 194 2834 30
208 2771 353 2842 barbaros
368 2771 537 2830 avertisset.
560 2822 564 2829 .
582 2773 719 2845 Quarum
740 2772 874 2829 omnium
895 2790 1089 2831 rerummax·

208 2850 268 2909 ime
290 2851 502 2908 admirandum
524 2851 691 2923 videbatur,
708 2851 788 2928 quod
811 2853 964 2924 Germani,
979 2855 1030 2928 qui
1051 2870 1087 2910 eo

208 2931 332 2988 consilio
361 2930 502 2988 Rhenum
530 2932 723 3003 transierant,
746 2937 782 2990 ut
803 2931 993 3008 Ambiorigis
1014 2932 1087 2989 fines

208 3010 471 3086 depopularentur,
482 3010 519 3067 ad
532 3018 630 3068 castra
636 3013 848 3070 Romanorum
859 3013 952 3070 delati
964 3012 1087 3088 optatis-

208 3090 319 3146 simum
335 3089 505 3164 Ambiorigi
521 3091 696 3149 beneficium
713 3092 893 3150 obtulerunt.

154 3169 192 3226 35
249 3171 294 3224 43.
318 3167 420 3225 Caesar
441 3186 544 3226 rursus
565 3171 604 3227 ad
626 3172 780 3229 vexandos
801 3172 905 3229 hostes
924 3172 1087 3246 profectus,-

208 3262 320 3317 magno
345 3252 450 3302 coacto
475 3265 599 3305 numero
627 3267 664 3306 ex
688 3250 823 3308 finitimis
848 3251 1033 3321 civitatibus,
1056 3250 1088 3307 in

208 3339 312 3378 omncs
336 3329 438 3396 partes
460 3325 594 3384 dimittit
649 3327 763 3387 Omnes
787 3330 844 3388 vici
873 3336 962 3407 elque
987 3330 1087 3389 omnia

207 3399 338 3468 aedificia,
361 3417 426 3473 quae
453 3403 579 3477 quisque
607 3414 811 3481 conspexerat,
833 3410 1087 3485 incendebantur3

206 3476 309 3550 prada
329 3493 372 3535 ,ex
399 3480 540 3538 omnibus
566 3480 640 3540 locis
663 3487 829 3564 agebatur;
845 3490 1005 3554 frumenta
1027 3507 1087 3549 non
