2548 3774
186 275 244 340 102
451 291 498 339 nr
522 291 643 339 suano
669 290 844 339 canarno.

232 441 335 499 Unam
357 440 517 517 legionem,
534 459 625 518 quam
646 441 783 517 proxime
804 447 892 499 trans
908 441 1027 499 Padum
1049 458 1117 499 con·

232 522 401 598 scripserat,
416 528 448 580 et
462 521 602 580 cohortes
616 522 740 597 quinqua
762 522 793 578 in
808 521 975 591 Eburones,
988 538 1115 596 quorum

232 619 304 678 pars
325 602 459 659 maxime
479 607 527 654 est
546 602 625 659 inter
639 601 760 659 Mosam
775 619 810 660 ac
826 602 978 672 Rhenum,
991 601 1043 676 qui
1058 601 1115 659 sub

232 681 358 757 imperio
374 685 563 756 Ambiorigis
583 698 615 739 eo
630 679 790 739 Catuvolci
805 687 901 752 erant,
917 681 1010 740 misit.
1055 681 1114 740 His

198 761 378 820 bmilitibus
404 761 553 835 Quintum
578 761 728 818 Titurium
758 760 904 820 Sabinum
930 766 962 818 et
984 761 1112 819 Lucium

230 839 470 898 Aurunculeium
487 840 610 899 Cottam
632 841 751 915 legatos
771 842 900 916 praees'se
917 841 1018 914 jussit.
1061 841 1112 899 Ad

231 919 311 979 hunc
325 920 449 978 modum
464 920 635 978 distributis
648 920 828 996 legionibus
845 921 986 978 facillime
1002 921 1111 995 inopia

230 999 433 1058 frumentariae
455 1018 522 1058 sese
543 1000 657 1058 mederi
678 1019 766 1076 posse
788 1001 992 1068 existimavit:
1021 1006 1111 1076 atque

230 1079 337 1138 harum
364 1086 468 1138 tamen
496 1081 631 1142 omnium
659 1080 813 1156 legionum
842 1080 975 1151 hiberna,
1004 1087 1112 1155 prater

179 1159 214 1216 10
229 1178 305 1230 eam,
316 1178 407 1236 quam
422 1160 519 1218 Lucio
535 1161 648 1218 Roscio
662 1160 693 1216 in
708 1160 936 1236 pacatissimam
948 1166 979 1218 et
990 1160 1112 1234 quietis·

229 1240 337 1297 simam
359 1245 477 1316 partem
492 1239 658 1298 ducendam
674 1240 806 1312 dederet,
823 1240 944 1297 milibus
964 1257 1111 1314 passuum

229 1326 350 1377 centum
365 1320 607 1378 continebantur.
643 1320 713 1394 Ipse
725 1320 848 1391 interea,
859 1319 959 1396 quoad
974 1319 1110 1394 legiones

228 1399 407 1458 collocasset
420 1400 597 1475 munitaque
613 1399 738 1457 hiberna
751 1401 954 1475 cognovisset,
967 1399 999 1456 iu
1010 1398 1111 1458 Gallia

230 1480 341 1537 morari
356 1480 524 1538 constituit.

178 1557 213 1614 15
270 1562 314 1617 25.
338 1559 415 1618 Erat
434 1559 466 1616 in
490 1559 675 1618 Carnutibus
696 1575 814 1617 summo
835 1558 901 1618 loco
925 1564 1017 1616 natus
1038 1558 1111 1616 Tas-

229 1639 339 1714 getius
351 1641 436 1713 cujus
450 1639 580 1713 maj0res
594 1639 625 1696 in
640 1657 697 1696 sua
711 1638 835 1697 civitate
850 1657 977 1714 regnum
990 1639 1109 1696 obtinu-

228 1724 323 1777 erant.
366 1719 450 1776 Huic
475 1718 581 1777 Oaesar
603 1736 656 1795 pro
681 1719 747 1791 ejus
770 1719 883 1778 virtute
909 1724 998 1794 atque
1022 1718 1053 1774 in
1076 1736 1109 1776 se

228 1797 448 1869 benevolentia,
463 1799 545 1874 quod
566 1799 597 1855 in
618 1799 759 1856 omuibus
774 1799 861 1856 bellis
883 1798 1029 1874 singulari
1044 1799 1109 1872 ejus

229 1895 320 1953 opera
335 1880 433 1937 fuerat
446 1895 528 1948 usus,
544 1879 692 1952 majorum
706 1877 804 1936 locum
821 1879 1003 1936 restituerat.
1040 1878 1109 1935 Ter·

176 1954 213 2010 20
227 1958 305 2015 tium
325 1960 390 2034 jam
414 1957 494 2016 huuc
518 1975 632 2015 annum
657 1964 836 2032 regnantem
858 1957 970 2016 inimici
993 1958 1107 2034 palam,

228 2037 332 2096 multis
346 2039 440 2096 etiam
461 2055 499 2095 ex
519 2037 645 2095 civitate
668 2039 849 2109 auctoribus,
864 2056 935 2096 eum
955 2037 1109 2096 interfece-

228 2123 306 2176 runt.
349 2119 491 2176 Defertur
514 2136 550 2176 ea
572 2135 621 2174 res
644 2117 682 2175 ad
699 2117 858 2177 Gaesarem.
902 2118 958 2176 Ille
981 2117 1106 2188 veritus,

229 2198 309 2272 quod
324 2199 362 2255 ed
377 2198 478 2273 plures
492 2197 669 2274 pertinebat,
681 2215 717 2254 ne
732 2199 841 2256 civitas
856 2215 959 2256 eorum
974 2197 1107 2272 impulsu

228 2277 375 2348 deficeret,
392 2278 521 2336 Lucium
537 2278 687 2336 Plancum
708 2295 776 2334 cum
797 2278 916 2353 legione
936 2295 975 2336 ex
996 2277 1104 2351 Belgio

176 2353 213 2410 25
228 2357 364 2415 celeriter
377 2359 408 2415 in
421 2357 570 2416 Carnutes
583 2356 731 2433 proficisci
741 2357 829 2431 jubet
842 2358 943 2434 ibique
956 2357 1105 2430 hiemare3

228 2455 413 2513 quorumque
424 2455 515 2513 opera
528 2436 704 2512 cognoverit
713 2436 892 2512 Tasgetium
904 2437 1105 2508 interfectum,

228 2515 285 2574 hos
306 2517 538 2592 comprehensos
559 2517 598 2574 ad
620 2535 652 2574 se
673 2518 801 2576 mittere.
844 2518 971 2575 Interim
994 2517 1032 2574 ab
1047 2533 1107 2574 om·

228 2596 318 2654 nibus
332 2597 444 2672 legatis
458 2597 727 2673 questoribusque,
743 2597 853 2672 quibus
867 2597 1003 2672 legiones
1016 2596 1107 2654 tradi·

229 2676 327 2747 derat,
334 2677 442 2735 certior
454 2677 552 2734 factus
562 2682 610 2734 est
624 2677 654 2734 in
670 2677 797 2735 hiberna
806 2682 985 2754 perventum
996 2677 1107 2734 locum·

176 2753 213 2810 30
228 2773 285 2832 que
301 2756 433 2814 hibernis
447 2773 513 2813 esse
528 2756 687 2813 munitum.

268 2839 313 2892 26.
339 2836 454 2893 Diebus
469 2836 586 2893 circiter
600 2835 780 2911 quindecim,
796 2836 906 2910 quibus
927 2835 957 2894 in
979 2836 1106 2894 hiberna

228 2916 352 2972 ventum
364 2921 419 2986 est,
431 2915 551 2972 initium
563 2915 712 2990 repentini
723 2916 873 2974 tumultus
885 2933 919 2973 ac
928 2916 1106 2974 defectionis

228 3001 327 3052 ortum
343 3000 391 3052 est
406 2995 443 3052 ab
458 2994 637 3069 Ambiorige
658 2999 690 3052 et
706 2993 891 3068 Catuvolco;
912 2997 963 3070 qui
980 3013 1047 3053 cum
1065 2995 1106 3053 ad

228 3073 301 3132 fines
325 3075 412 3148 regni
435 3074 481 3131 sui
506 3073 619 3132 Sabino
645 3074 803 3149 Cottaeque
831 3081 941 3150 praesto
967 3075 1105 3146 fuissent,

174 3154 210 3211 35
227 3154 469 3229 frumentumque
486 3155 516 3210 in
532 3154 659 3212 hiberna
672 3154 955 3229 coruportavissent,
971 3155 1107 3212 Indutio-

226 3235 301 3290 mari
327 3234 443 3291 Treviri
471 3234 589 3292 nunciis
617 3233 739 3309 impulsi
768 3251 840 3291 suos
867 3235 1105 3306 concitaverunt,

226 3314 384 3388 subitoque
396 3315 548 3389 oppressis
563 3314 762 3389 lignatoribus
777 3331 890 3388 magna
900 3332 993 3371 manu
1004 3319 1105 3372 castra

225 3399 434 3466 oppugnatum
449 3399 605 3451 venerunt.
649 3391 727 3452 (lum
749 3394 885 3450 celeriter
906 3393 1002 3452 nostri
1022 3411 1105 3451 erma

225 3470 375 3546 cepissent
401 3471 572 3548 vallumque
604 3471 820 3544 ascendissent,
850 3481 940 3548 atque
975 3473 1036 3532 una
1068 3487 1105 3530 err
