2562 3770
198 301 261 370 174
477 315 525 364 na
549 316 669 364 ranno
694 315 864 367 esnnroo.

248 465 332 526 milia
352 483 486 533 numero.
508 465 643 525 celeriter
663 465 822 525 convenire
845 462 950 540 jubet:
977 465 1125 540 peditatu,

248 564 337 622 quem
353 552 422 604 ante
438 545 593 616 habuerat,
609 563 642 604 se
662 546 725 604 fore
740 552 915 604 contentum
932 545 1015 616 dicit,
1030 561 1127 620 neque

248 627 400 684 fortunam
415 631 603 683 tentaturum
617 626 716 683 autin
731 626 794 684 acie
808 625 1022 683 dimicaturum
1034 643 1042 698 ;
1063 623 1126 694 sed,

248 705 391 781 quoniam
413 705 545 763 abundet
558 705 707 780 equitat-u,
723 705 864 780 perfacile
885 721 952 762 esse
974 704 1055 762 lactu
1071 703 1128 760 fru-

215 785 487 844 tmeutationibus
515 785 822 861 pabulationibusque
849 785 1006 842 Romanos
1030 781 1129 858 prohi-

249 864 334 922 bere:
356 880 442 939 aquo
462 865 552 922 modo
567 864 669 922 animo
690 881 746 922 sua
760 863 819 939 ipsi
833 863 985 922 frumenta
997 867 1129 920 'corrum-

248 951 322 1019 pant
336 943 519 1019 aediliciaque
534 943 704 1012 incendant,
716 961 776 1019 qua
787 943 828 1005 rei
840 943 1002 1001 familiaris·
1007 943 1128 1016 jactura

249 1029 427 1098 perpetuum
438 1022 596 1098 imperium
611 1022 837 1098 libertatemque
847 1039 879 1080 se
894 1021 1037 1096 consequi
1047 1021 1129 1078 vide·

249 1107 310 1160 aut.
353 1101 420 1166 His¹
434 1102 609 1160 constitutis
637 1103 725 1159 rebus
747 1101 858 1160 AEduis
881 1097 1128 1176 Segusiauisque,

198 1184 234 1241 10
249 1180 301 1257 qui
330 1188 401 1238 sunt
424 1181 543 1238 finitimi
567 1182 737 1256 provincie,
760 1181 862 1239 decem
884 1181 968 1238 milia
991 1179 1128 1254 peditum

249 1261 396 1336 imperat:
418 1259 476 1319 huc
497 1261 583 1318 addit
603 1261 719 1336 equites
741 1262 939 1336 octingentos.
982 1259 1043 1316 His
1057 1276 1130 1334 prae·

250 1341 310 1398 licit
334 1339 456 1398 fratrem
480 1340 698 1416 Eporedorigis
720 1341 890 1416 bellumque
914 1340 1022 1396 inferre
1045 1338 1131 1396 Allo-

249 1420 396 1494 brogibus
412 1421 506 1494 jubet.
549 1421 658 1478 Altera
671 1437 709 1478 ex
722 1429 807 1496 parte
820 1419 953 1478 Gabalos
966 1418 1130 1493 proximos·

250 1517 306 1575 que
328 1517 424 1575 pagos
445 1500 652 1557 Arvernorum
674 1501 705 1557 in
732 1499 869 1570 Helvios,
892 1501 964 1557 item
988 1497 1129 1554 Rutenos

199 1581 235 1638 15
251 1578 464 1654 Cadurcosque
488 1580 526 1637 ad
550 1578 623 1636 lines
640 1579 799 1637 Volcarum
820 1579 1065 1637 Arecomicorum
1082 1576 1131 1634 de·

251 1659 440 1735 populandos
455 1659 556 1716 mittit.
600 1657 704 1716 Nihilo
726 1659 824 1716 minus
846 1657 1041 1724 clandestinis
1056 1673 1132 1712 uuu-

251 1738 307 1796 ciis
334 1737 595 1812 legationibusque
620 1737 806 1812 Allobrogas
830 1737 980 1806 sollicitat,
1002 1753 1130 1811 quorum

252 1824 370 1878 mentes
391 1817 524 1874 nondum
546 1817 583 1873 ab
604 1819 755 1893 superiore
771 1817 848 1874 bello
870 1817 1016 1875 resedisse
1032 1831 1132 1889 spera-

252 1896 313 1954 bat
356 1895 475 1954 Horum
502 1896 685 1972 principibus
708 1897 860 1972 pecunias,
880 1895 998 1954 civitati
1027 1899 1130 1951 autem

200 1975 237 2034 20
253 1975 412 2049 imperium
427 1976 522 2034 totius
536 1976 696 2051 proviuoiae
711 1976 875 2052 pollicetur.

295 2057 340 2113 65.
362 2055 413 2112 Ad
435 2054 491 2113 hos
511 2072 616 2113 omnes
637 2073 725 2113 casus
747 2055 869 2131 provisa
889 2058 975 2111 erant
990 2051 1132 2128 presidia

253 2133 422 2194 cohortium
437 2133 568 2194 duarum,
586 2140 617 2192 et
631 2136 750 2210 viginti,
766 2151 832 2210 quae
846 2153 883 2192 ex
897 2135 963 2210 ipsa
976 2131 1133 2207 provincia

254 2213 293 2276 ab
314 2212 409 2271 Lucio
431 2213 552 2272 Oaesare
573 2213 675 2288 legato
696 2215 734 2272 ad
757 2232 861 2272 omnes
881 2219 983 2290 partes
1004 2229 1134 2286 oppone·

253 2292 371 2350 bantur.
408 2293 511 2350 Helvii
527 2310 582 2351 sua
593 2300 700 2368 sponte
712 2311 780 2351 eum
795 2293 931 2351 finitimis
945 2291 1050 2368 proelio
1065 2308 1134 2349 eou-

200 2374 237 2432 25
254 2373 349 2446 gressi
371 2371 533 2447 pelluntur,
548 2379 580 2430 et
605 2373 680 2432 Gaio
703 2373 828 2431 Valerio
851 2373 1060 2440 Donnotauro‚
1077 2369 1135 2428 Oa·

254 2451 322 2509 buri
351 2451 420 2521 filio,
450 2452 584 2528 principe
609 2453 744 2511 civitatis
772 2452 1036 2528 compluribusque
1065 2449 1135 2506 aliis

254 2531 428 2604 interiectis,
457 2531 537 2589 intra
571 2532 683 2606 oppida
711 2549 871 2607 murosque
903 2530 1133 2605 compelluntur.

255 2611 437 2684 Allobroges
448 2611 559 2669 crebris
571 2611 609 2669 ad
621 2611 804 2669 Rhodanum
815 2610 973 2686 dispositis
985 2608 1135 2685 praesidiis

254 2707 366 2765 magna
390 2707 458 2747 curu
479 2709 550 2749 cura
572 2698 603 2748 et
624 2691 782 2766 diligentia
808 2708 880 2748 suos
905 2689 978 2747 fines
1001 2693 1135 2747 tuentur.

201 2771 239 2830 80
256 2769 359 2828 Caesar
373 2770 452 2845 quod
469 2769 571 2828 hostes
592 2771 729 2846 equitatu
750 2771 919 2846 superiores
939 2766 1138 2852 essexiutelli-

255 2849 356 2924 gebat,
370 2855 402 2906 et
423 2849 594 2908 interclusis
615 2849 754 2908 omnibus
768 2850 927 2907 itineribus
942 2848 1026 2905 nulla
1046 2865 1078 2904 re
1099 2865 1139 2906 ex

255 2929 410 3003 provincia
424 2937 515 3004 atque
530 2929 622 2987 Italia
636 2929 787 2987 sublevari
808 2935 936 3005 poterat,
952 2927 1037 2984 tratis
1052 2926 1137 2984 Rhe·

255 3025 326 3066 num
352 3008 382 3066 in
408 3009 600 3070 Germaniam
625 3009 722 3068 mittit
746 3010 783 3067 ad
808 3025 860 3066 eas
884 3008 1033 3075 civitates,
1059 3003 1139 3080 quas

255 3088 459 3162 superioribus
493 3089 582 3145 annis
609 3094 779 3164 pacaverat,
807 3089 983 3164 equitesque
1018 3085 1057 3142 ab
1087 3084 1136 3142 his

203 3167 240 3224 35
256 3167 380 3223 arcessit
393 3173 425 3223 et
438 3167 514 3223 levis
529 3174 686 3225 armatura
701 3168 828 3242 pedites
843 3169 893 3243 qui
909 3166 1050 3223 intereos
1065 3181 1139 3240 proe·

256 3243 322 3299 liari
346 3252 573 3304 consueverant.
625 3247 738 3304 Eorum
764 3246 906 3315 adventu,
934 3244 1139 3321 quodminus

257 3319 373 3377 idoneis
387 3322 474 3394 equis
490 3323 660 3394 utebantur,
677 3343 694 3382 a
709 3325 840 3382 tribunis
855 3325 987 3386 militum
1000 3322 1139 3397 reliquis-

256 3414 314 3470 que
328 3398 480 3471 equitibus
496 3400 644 3460 Romanis
660 3411 750 3478 atquc
771 3405 907 3463 evocatis
927 3421 1023 3480 equos
1044 3403 1138 3460 sumit

257 3475 474 3550 Germanisque
489 3477 650 3538 distribuit.
