2548 3774
469 324 582 371 arnna
607 327 799 374 snrrrnus
1039 314 1095 382 151

134 472 137 477 ’
166 471 248 543 bant,
258 474 484 550 generatimque
497 476 650 534 distributi
663 477 693 533 in
705 477 843 534 civitates
856 477 958 534 omnia
969 478 1048 536 vada

166 570 203 610 ac
223 554 321 611 saltus
341 556 407 629 ejus
427 555 548 630 paludis
563 557 748 626 obtinebant,
765 558 807 614 sic
823 557 924 614 animo
938 559 1045 633 parati,

166 639 209 702 ut,
226 633 251 689 si
265 651 333 690 eam
348 635 489 710 paludem
507 636 638 692 Romani
652 654 841 713 perrumpere
857 642 1045 707 conarentur,

167 711 344 770 haesitautes
359 723 529 788 premerent
542 733 580 772 ex
595 716 659 772 loco
671 717 842 792 superiore;
863 722 905 784 ut,
916 717 967 792 qui
982 735 1048 792 pro-

164 792 368 866 pinquitatem
383 793 440 851 loci
457 795 579 865 videret,
595 803 719 870 paratos
732 814 825 871 prope
846 813 931 870 oequo
946 795 1045 854 Marte
1080 798 1098 856 t

165 872 204 928 ad
219 872 426 930 dimicandum
441 875 645 947 existimarct3
667 875 718 949 qni
738 876 931 950 iniquitatem
947 876 1047 933 condi·

165 951 259 1008 tionis
280 954 469 1028 perspiceret,
484 954 569 1010 inani
590 955 782 1012 simulatione
805 972 871 1012 sese
894 961 1046 1014 ostentare

164 1039 370 1105 cognosceret.
413 1032 614 1108 Indignantes
629 1034 741 1106 milites
757 1034 867 1104 Caesar,
883 1035 964 1109 quod
978 1053 1046 1092 con·

164 1117 303 1185 spectum
327 1130 416 1169 suum
440 1112 544 1170 hostes
566 1114 641 1170 ferre
660 1119 784 1189 possent
806 1114 924 1171 tantulo
947 1115 1045 1190 spatio

163 1191 330 1264 interjecto,
355 1197 386 1248 et
417 1192 539 1266 signum
573 1193 672 1267 proelii
697 1199 894 1268 exposcentes
931 1195 1044 1261 edocet,
1062 1194 1099 1251 10

163 1279 279 1344 quanto
305 1272 484 1328 detrimento
506 1278 538 1329 et
558 1279 633 1346 quot
654 1273 786 1331 virorum
808 1273 928 1330 fortium
951 1282 1045 1332 morte

164 1367 288 1407 necesse
304 1351 346 1407 sit
360 1358 497 1408 constare
514 1351 689 1410 victoriam:
710 1370 868 1428 quoscum
884 1353 928 1409 sic
945 1353 1046 1410 animo

164 1435 291 1505 paratos
306 1431 417 1500 videat,
433 1437 467 1488 ut
489 1431 604 1487 nullum
625 1450 678 1506 pro
700 1449 755 1489 sua
776 1433 864 1498 laude
879 1432 1045 1506 periculum

165 1515 314 1576 recusent,
331 1527 456 1566 summae
477 1527 509 1567 se
531 1511 701 1585 iniquitatis
718 1512 911 1569 condemnari
927 1512 1043 1580 debere,

165 1589 225 1646 nisi
239 1607 345 1646 eorum
361 1590 454 1646 vitam
476 1608 532 1646 sua
553 1591 650 1647 salute
672 1591 784 1648 habeat
798 1592 949 1648 cariorem.
995 1591 1045 1649 Sic
1063 1589 1098 1647 15

166 1669 281 1725 milites
303 1670 476 1726 consolatus
490 1670 595 1727 eodem
616 1671 664 1727 die
686 1671 804 1728 reducit
818 1672 848 1728 in
864 1676 982 1744 castra3
1003 1689 1046 1728 re·

165 1748 317 1824 liquaque‚
328 1767 394 1823 quoa
407 1749 445 1806 ad
459 1750 715 1824 oppugnationem
731 1751 923 1826 pertinebant
934 1751 1045 1826 oppidi,

165 1828 379 1884 administrare
400 1828 540 1886 instituit.

208 1911 253 1966 20.
277 1907 516 1982 Vercingetorix,
530 1926 597 1965 cum
613 1909 651 1966 ad
666 1926 737 1966 suos
752 1909 889 1978 redisset,
902 1909 1044 1984 proditio

164 1986 213 2043 nis
229 1987 432 2052 insimulatus,
448 1989 527 2062 quod
551 1994 651 2046 castra
672 1990 796 2063 propius
811 1990 968 2046 Romanos
984 2007 1044 2046 mo-
1058 1990 1094 2046 20

165 2067 271 2137 visset,
288 2067 368 2142 quod
390 2084 457 2123 cum
481 2067 563 2124 omni
585 2069 724 2142 equitatu
746 2069 946 2136 discessisset,
964 2069 1044 2143 quod

165 2147 229 2203 sine
244 2146 370 2221 imperio
385 2152 487 2203 tantas
502 2147 605 2221 copias
620 2148 798 2222 reliquisset,
814 2149 894 2222 quod
909 2149 973 2220 ejus
987 2147 1046 2204 dis·

165 2243 253 2283 cessu
268 2227 401 2282 Romani
422 2231 509 2282 tanta
531 2228 756 2302 opportunitate
778 2234 810 2284 et
830 2227 982 2284 celeritate
998 2245 1044 2284 vc-

165 2305 299 2377 nissent;
321 2322 382 2362 non
404 2305 466 2363 haec
488 2307 589 2362 omnia
610 2307 734 2363 fortuito
756 2312 809 2363 aut
830 2307 895 2363 sine
917 2307 1044 2363 consilio

165 2384 299 2442 accidere
320 2385 474 2460 potuisse;
496 2403 622 2460 regnum
644 2386 730 2442 illum
746 2385 850 2444 Galliae
872 2385 961 2442 malle
984 2385 1046 2442 Oae-
1061 2385 1096 2442 at

165 2465 242 2522 saris
264 2482 408 2522 concessu
422 2483 513 2539 quam
534 2466 666 2540 ipsorum
689 2464 797 2522 habere
813 2465 968 2522 beneficio:
990 2465 1044 2522 tali

164 2544 255 2602 modo
272 2550 432 2601 accusatus
448 2545 486 2601 ad
502 2544 565 2602 hoec
579 2545 752 2618 respondit:
775 2544 862 2617 Quod
874 2551 1045 2602 castrame-

166 2625 270 2694 visset,
283 2624 393 2680 factum
409 2624 511 2698 iuopia
526 2623 626 2699 pabuli
639 2625 730 2681 etiam
745 2624 819 2698 ipsis
835 2623 1043 2682 hortantibus:

164 2705 245 2778 quod
267 2704 389 2778 propius
411 2703 567 2760 Romanos
589 2705 773 2772 accessisset,
789 2721 964 2778 persuasum
986 2703 1044 2760 loci

164 2783 401 2858 opportunitate,
426 2782 478 2857 qui
503 2800 534 2838 so
564 2783 628 2857 ipse
656 2783 821 2840 munitione
855 2783 1043 2840 defenderetr
1058 2781 1096 2839 3⁰

164 2863 303 2937 equitum
319 2879 389 2918 vero
403 2879 524 2938 operam
540 2880 636 2936 neque
658 2863 687 2919 in
709 2863 774 2919 loco
788 2862 914 2936 palustri
931 2863 1045 2919 deside-

164 2943 225 2999 rari
248 2943 398 3011 debuisse,
420 2948 454 2998 et
476 2942 537 2999 illio
562 2942 654 2999 luisse
674 2942 788 3009 utilem,
812 2960 871 3016 quo
895 2937 965 2998 sint'
980 2959 1045 3016 pro-

164 3022 250 3079 fecti:
273 3039 423 3078 summam
444 3021 559 3095 imperii
581 3040 613 3078 se
634 3021 770 3079 consulto
799 3021 872 3077 nulli
894 3021 1046 3078 disceden-

164 3107 228 3158 tem
242 3101 415 3166 tradidisse,
426 3118 463 3158 ue
479 3101 504 3157 is
520 3101 721 3158 multitudinis
736 3100 837 3157 studio
854 3101 891 3157 ad
904 3101 1045 3156 dimican-

163 3181 238 3238 dum
261 3181 481 3255 iurpelleretur3
499 3180 548 3236 cui
569 3181 610 3237 roi
632 3186 754 3254 propter
775 3179 866 3236 animi
887 3180 1044 3236 mollitiem
1060 3181 1096 3236 35

164 3261 289 3317 studere
312 3275 416 3316 omnes
438 3259 560 3328 videret,
576 3260 655 3334 quod
678 3259 792 3316 diutius
814 3259 945 3316 laborem
969 3259 1044 3315 ferre

163 3357 226 3397 nou
241 3346 375 3415 possent.
406 3339 536 3395 ltomani
553 3339 578 3395 si
593 3357 664 3396 casu
677 3339 900 3405 intervenerint,
908 3339 1044 3396 fortuna.

164 3419 193 3477 si
216 3420 342 3493 alicujus
365 3418 473 3475 iudicio
491 3419 599 3488 vocati,
624 3418 692 3475 huic
718 3417 884 3473 habendam
908 3416 1044 3490 gratiam,

164 3501 246 3574 qnod
262 3506 294 3557 et
310 3497 493 3574 paucitatem
508 3513 610 3554 eorum
626 3515 663 3553 cx
678 3497 742 3552 loco
757 3495 909 3567 superiore
922 3507 1047 3562 regnos*
