2548 3774
482 299 596 346 ursan
621 299 796 356 Quruuus.
1048 285 1110 350 113

220 450 266 512 tt.
289 450 375 508 Hora
408 449 525 508 circiter
558 450 649 508 tertia
677 449 715 507 ab
742 450 986 508 antecursoribus
1019 449 1056 508 dc

180 529 285 588 Crassi
300 530 435 588 adventu
450 531 558 588 certior
572 531 677 599 factus,
693 547 728 586 eo
743 530 791 588 die
813 529 897 588 milia
911 547 1056 605 passuum

180 609 289 683 viginti
303 608 502 686 progreditur.
539 609 684 669 Crassum
701 609 919 667 Samarobrivae
934 610 1056 685 praeficit

179 688 387 765 legionemque
408 689 437 746 'ei
452 689 601 760 attribuit,
617 689 697 764 quod
718 690 760 746 ihi
777 689 994 766 impedimenta
1007 707 1056 748 ex·

178 770 298 840 orcitus,
311 769 430 826 obsides
445 769 613 839 civitatum,
629 769 746 826 litteras
766 769 912 845 publicas,
928 769 1056 827 frumen·
1088 771 1106 831 ὅ

71 880 73 884 -
178 856 302 924 tumque
323 867 420 919 omne,
436 849 516 924 quod
537 867 572 906 eo
587 849 749 906 tolerandae
770 849 878 906 hiemis
893 866 986 907 causa
1007 851 1056 907 de·

179 933 310 1000 vexerat,
333 929 529 1004 relinquebat.
573 927 686 986 Fabius
708 934 742 986 ut
770 929 949 1004 imperatum
978 935 1051 1000 erat,

178 1025 238 1066 nou
262 1008 307 1065 ita
330 1008 459 1065 multum
486 1015 622 1066 moratus
652 1007 682 1065 in
711 1008 816 1066 itinere
845 1027 913 1066 cum
935 1009 1053 1084 logione

178 1088 313 1146 occurrit.
357 1089 510 1146 Labienus
531 1088 656 1145 interitu
678 1087 783 1146 Sabini
803 1094 835 1146 et
852 1089 930 1146 coede
952 1089 1054 1147 cohor·

177 1169 254 1225 tium
288 1169 420 1243 cognito,
452 1185 519 1225 cum
555 1185 659 1225 omnes
695 1168 733 1225 ad
760 1185 830 1225 eum
858 1167 1051 1226 Trevirorum
1069 1175 1105 1232 10

177 1249 269 1323 copiae
288 1248 450 1317 venissent,
467 1247 589 1317 veritus
612 1247 638 1304 si
658 1264 696 1304 ex
718 1247 851 1305 hibernis
872 1248 951 1322 fugae
973 1249 1054 1305 simi-

176 1327 235 1384 lem
249 1327 464 1404 profectionem
485 1327 613 1398 iecisset,
630 1332 664 1384 ut
679 1327 811 1385 hostium
828 1327 973 1403 impetum
989 1346 1053 1386 sus·

175 1408 270 1465 tinere
285 1413 396 1482 posset,
412 1407 578 1483 presertim
594 1423 670 1481 quos
684 1407 797 1464 recenti
814 1407 939 1464 victoria
955 1408 1052 1466 efferri

176 1487 272 1557 sciret,
289 1487 407 1544 litteras
423 1486 534 1544 Caesari
551 1487 687 1557 remittit,
703 1493 816 1561 quanto
831 1504 899 1544 cum
919 1487 1051 1562 periculo

175 1567 325 1642 legionem
346 1583 383 1624 ex
405 1565 536 1623 hibernis
555 1566 716 1623 educturus
731 1572 829 1639 esset;
850 1583 910 1623 reru
932 1574 1051 1642 gestam
1067 1575 1102 1633 15

176 1647 206 1703 in
231 1645 425 1703 Eburonibus
450 1645 624 1720 perscribit;
648 1645 744 1717 docet,
767 1663 872 1703 omncs
896 1647 1050 1721 equitatus

174 1726 388 1801 peditatusque
403 1725 505 1800 copias
521 1725 711 1783 Trevirorum
726 1726 785 1783 tria
800 1725 883 1783 milia
904 1743 1049 1801 passuum

175 1807 264 1881 longe
280 1807 318 1863 ab
333 1805 397 1862 suis
411 1805 519 1862 castris
533 1804 713 1863 consedisse.

213 1889 258 1945 48.
294 1885 397 1944 Caesar
424 1883 549 1942 consilio
578 1887 641 1958 ejus
663 1885 800 1960 probato,
823 1884 880 1941 etsi
908 1885 1049 1959 opinione

173 1966 264 2022 trium
288 1966 443 2040 legionum
465 1964 605 2038 dejectus,
627 1965 664 2022 ad
690 1965 766 2021 duas
788 1964 927 2030 redierat,
947 1971 1048 2023 tamen
1064 1973 1102 2031 20

173 2063 266 2102 unum
281 2045 450 2102 communis
465 2043 573 2101 salutis
589 2043 734 2100 auxilium
748 2044 779 2100 in
794 2044 945 2101 celeritate
960 2062 1050 2119 pone·

173 2125 232 2184 bat.
275 2124 372 2182 Venit
388 2124 507 2198 magnis
529 2123 687 2181 itineribus
708 2124 740 2180 iu
761 2123 944 2180 Nerviorum
966 2123 1047 2184 linos.

173 2204 220 2262 Ibi
235 2203 272 2262 e'x
287 2204 418 2280 captivis
439 2203 602 2278 cognoscit,
618 2221 683 2278 quae
705 2204 786 2278 apud
805 2203 978 2261 Ciceronem
1001 2223 1049 2279 ge-

173 2292 285 2354 rantur,
302 2292 475 2358 quantoque
490 2283 521 2339 in
536 2283 667 2358 periculo
682 2299 730 2340 res
745 2284 792 2340 sit.
836 2282 913 2339 Tum
929 2284 1047 2342 cuidam

172 2383 208 2421 ex
221 2363 376 2439 equitibus
401 2362 498 2421 Gallis
520 2363 638 2436 magnis
662 2363 794 2438 premiis
815 2364 986 2438 persuadet,
1002 2365 1047 2422 uti
1063 2371 1099 2428 25

173 2445 211 2501 ad
227 2444 404 2502 Ciceronem
419 2442 579 2518 epistolam
594 2442 715 2500 deferat.
754 2443 842 2500 Hanc
855 2442 966 2501 Graecis
982 2462 1048 2502 con·

172 2525 315 2599 scriptam
331 2522 439 2580 litteris
454 2523 556 2592 mittit,
570 2539 606 2578 ne
621 2522 786 2598 intercepta
800 2523 930 2596 epistola
944 2530 1048 2582 nostra

172 2604 209 2660 ab
238 2603 377 2660 hostibus
405 2602 529 2658 consilio
551 2609 779 2676 cognoscantur.
823 2601 856 2660 Si
880 2603 961 2660 adire
986 2621 1047 2661 non

171 2683 277 2758 possit,
288 2686 399 2751 monet,
410 2687 444 2738 ut
455 2681 605 2756 tragulam
618 2699 684 2739 cum
696 2682 824 2756 epistola
840 2682 878 2738 ad
894 2690 1047 2740 amentum

172 2763 307 2837 deligata
328 2763 408 2818 intra
430 2761 612 2818 munitiones
636 2766 803 2818 castrorum
829 2762 956 2835 alrjiciat.
1009 2763 1046 2820 ln
1062 2768 1099 2825 30

171 2841 280 2899 litteris
296 2841 401 2900 scribit
415 2858 447 2898 se
463 2859 530 2898 cum
544 2841 713 2915 legionibus
729 2842 896 2915 profectum
911 2843 1047 2900 celeriter

171 2922 289 2979 adfore:
320 2921 465 2990 hortatur,
487 2925 522 2978 ut
549 2918 707 2996 pristinam
735 2922 879 2978 virtutem
907 2923 1044 2980 retineat.

172 3001 279 3060 Gallus
293 3000 459 3077 periculum
475 3000 597 3069 veritus,
613 3006 648 3057 ut
662 3005 727 3056 erat
741 3007 931 3076 preeceptum,
947 3008 1048 3076 tragu-

170 3081 231 3139 lam
246 3080 350 3139 mittit.
394 3080 468 3137 Haec
483 3098 554 3137 casu
570 3080 607 3137 ad
623 3079 729 3136 turrim
746 3080 881 3149 adhaesit,
898 3099 992 3156 neque
1009 3082 1046 3138 ab

171 3163 285 3219 nostris
313 3160 405 3218 biduo
435 3160 654 3226 animadversa,
677 3160 766 3216 tertio
795 3160 842 3216 die
871 3177 888 3216 a
915 3162 1098 3235 quodamilb

170 3241 267 3299 milite
290 3239 490 3315 conspicitur3
511 3240 633 3313 dempta
655 3239 692 3294 ad
716 3239 888 3296 Ciceronem
906 3241 1045 3298 defertur.

171 3321 226 3379 Ille
241 3321 405 3396 perlectam
420 3319 452 3375 in
466 3329 616 3380 conventu
632 3318 763 3374 militum
785 3319 891 3374 recitat
906 3321 1048 3374 maxima-

170 3419 227 3478 quo
249 3417 355 3459 omnes
377 3400 482 3477 leutitia
502 3398 601 3462 afficit.
645 3396 723 3453 Tum
747 3397 819 3452 fumi
843 3397 1047 3452 incendiorum

307 3492 323 3540 8
