<?xml version="1.0" encoding="UTF-8"?>
<!DOCTYPE html PUBLIC "-//W3C//DTD XHTML 1.0 Transitional//EN"
    "http://www.w3.org/TR/xhtml1/DTD/xhtml1-transitional.dtd">
<html xmlns="http://www.w3.org/1999/xhtml" xml:lang="en" lang="en">
 <head>
  <title>
</title>
<meta http-equiv="Content-Type" content="text/html;charset=utf-8" />
  <meta name='ocr-system' content='tesseract 3.04.00' />
  <meta name='ocr-capabilities' content='ocr_page ocr_carea ocr_par ocr_line ocrx_word'/>
</head>
<body>
  <div class='ocr_page' id='page_1' title='image "./caiijuliicaesar03caesgoog_0050.png"; bbox 0 0 2524 3776; ppageno 0'>
   <div class='ocr_carea' id='block_1_1' title="bbox 456 306 850 358">
    <p class='ocr_par' dir='ltr' id='par_1_1' title="bbox 456 306 850 358">
     <span class='ocr_line' id='line_1_1' title="bbox 456 306 850 358; baseline 0.01 -4"><span class='ocrx_word' id='word_1_1' title='bbox 456 307 502 355; x_wconf 73' lang='lat' dir='ltr'>DE</span> <span class='ocrx_word' id='word_1_2' title='bbox 527 307 648 355; x_wconf 81' lang='lat' dir='ltr'>Buuuo</span> <span class='ocrx_word' id='word_1_3' title='bbox 674 306 850 358; x_wconf 65' lang='lat' dir='ltr'>olomuc.</span> 
     </span>
    </p>
   </div>
   <div class='ocr_carea' id='block_1_2' title="bbox 173 458 1176 3567">
    <p class='ocr_par' dir='ltr' id='par_1_2' title="bbox 173 458 1176 3567">
     <span class='ocr_line' id='line_1_2' title="bbox 234 458 1117 538; baseline 0.002 -21"><span class='ocrx_word' id='word_1_4' title='bbox 234 477 291 534; x_wconf 92' lang='lat' dir='ltr'>que</span> <span class='ocrx_word' id='word_1_5' title='bbox 308 475 398 534; x_wconf 83' lang='lat' dir='ltr'>agros</span> <span class='ocrx_word' id='word_1_6' title='bbox 411 459 577 535; x_wconf 88' lang='lat' dir='ltr'>possidere.</span> <span class='ocrx_word' id='word_1_7' title='bbox 614 458 707 534; x_wconf 85' lang='lat' dir='ltr'><strong>Apud</strong></span> <span class='ocrx_word' id='word_1_8' title='bbox 723 477 775 517; x_wconf 87' lang='lat' dir='ltr'>eos</span> <span class='ocrx_word' id='word_1_9' title='bbox 787 459 881 518; x_wconf 84' lang='lat' dir='ltr'>fuisse</span> <span class='ocrx_word' id='word_1_10' title='bbox 896 477 997 538; x_wconf 83' lang='lat' dir='ltr'>regem</span> <span class='ocrx_word' id='word_1_11' title='bbox 1013 467 1117 520; x_wconf 83' lang='lat' dir='ltr'>nostra</span> 
     </span>
     <span class='ocr_line' id='line_1_3' title="bbox 233 539 1118 617; baseline 0.001 -22"><span class='ocrx_word' id='word_1_12' title='bbox 233 541 326 598; x_wconf 86' lang='lat' dir='ltr'>etiam</span> <span class='ocrx_word' id='word_1_13' title='bbox 341 539 486 596; x_wconf 91' lang='lat' dir='ltr'>momoria</span> <span class='ocrx_word' id='word_1_14' title='bbox 503 539 700 609; x_wconf 90' lang='lat' dir='ltr'>Divitiacum,</span> <span class='ocrx_word' id='word_1_15' title='bbox 718 540 812 597; x_wconf 92' lang='lat' dir='ltr'>totius</span> <span class='ocrx_word' id='word_1_16' title='bbox 827 539 933 599; x_wconf 76' lang='lat' dir='ltr'>Galliae</span> <span class='ocrx_word' id='word_1_17' title='bbox 947 541 1118 617; x_wconf 86' lang='lat' dir='ltr'>potentissi-</span> 
     </span>
     <span class='ocr_line' id='line_1_4' title="bbox 233 619 1116 696; baseline 0.005 -22"><span class='ocrx_word' id='word_1_18' title='bbox 233 636 325 688; x_wconf 92' lang='lat' dir='ltr'>mum,</span> <span class='ocrx_word' id='word_1_19' title='bbox 342 619 391 693; x_wconf 90' lang='lat' dir='ltr'>qui</span> <span class='ocrx_word' id='word_1_20' title='bbox 408 637 476 676; x_wconf 91' lang='lat' dir='ltr'>cum</span> <span class='ocrx_word' id='word_1_21' title='bbox 500 637 618 694; x_wconf 75' lang='lat' dir='ltr'>magna</span> <span class='ocrx_word' id='word_1_22' title='bbox 633 619 729 693; x_wconf 90' lang='lat' dir='ltr'>partis</span> <span class='ocrx_word' id='word_1_23' title='bbox 744 619 851 677; x_wconf 88' lang='lat' dir='ltr'>harum</span> <span class='ocrx_word' id='word_1_24' title='bbox 868 620 1035 696; x_wconf 88' lang='lat' dir='ltr'>regionum,</span> <span class='ocrx_word' id='word_1_25' title='bbox 1051 626 1116 679; x_wconf 90' lang='lat' dir='ltr'>tum</span> 
     </span>
     <span class='ocr_line' id='line_1_5' title="bbox 232 699 1116 775; baseline 0.005 -21"><span class='ocrx_word' id='word_1_26' title='bbox 232 699 324 755; x_wconf 85' lang='lat' dir='ltr'>ctiam</span> <span class='ocrx_word' id='word_1_27' title='bbox 337 699 508 768; x_wconf 88' lang='lat' dir='ltr'>Britanniae,</span> <span class='ocrx_word' id='word_1_28' title='bbox 522 699 678 775; x_wconf 88' lang='lat' dir='ltr'>imperium</span> <span class='ocrx_word' id='word_1_29' title='bbox 700 699 880 757; x_wconf 76' lang='lat' dir='ltr'>obtinuerit:</span> <span class='ocrx_word' id='word_1_30' title='bbox 903 718 982 757; x_wconf 93' lang='lat' dir='ltr'>nunc</span> <span class='ocrx_word' id='word_1_31' title='bbox 996 718 1063 758; x_wconf 87' lang='lat' dir='ltr'>csse</span> <span class='ocrx_word' id='word_1_32' title='bbox 1076 718 1116 758; x_wconf 88' lang='lat' dir='ltr'>re·</span> 
     </span>
     <span class='ocr_line' id='line_1_6' title="bbox 200 778 1115 854; baseline -0.001 -16"><span class='ocrx_word' id='word_1_33' title='bbox 200 781 216 838; x_wconf 85' lang='lat'><strong>5</strong></span> <span class='ocrx_word' id='word_1_34' title='bbox 232 797 300 852; x_wconf 76' lang='lat' dir='ltr'>gem</span> <span class='ocrx_word' id='word_1_35' title='bbox 312 778 456 837; x_wconf 82' lang='lat' dir='ltr'><strong>Galbam:</strong></span> <span class='ocrx_word' id='word_1_36' title='bbox 474 779 601 836; x_wconf 82' lang='lat' dir='ltr'>adhunc</span> <span class='ocrx_word' id='word_1_37' title='bbox 620 785 743 854; x_wconf 90' lang='lat' dir='ltr'>propter</span> <span class='ocrx_word' id='word_1_38' title='bbox 748 779 901 853; x_wconf 87' lang='lat' dir='ltr'>justitiam</span> <span class='ocrx_word' id='word_1_39' title='bbox 911 779 1115 854; x_wconf 88' lang='lat' dir='ltr'>prudentiam·</span> 
     </span>
     <span class='ocr_line' id='line_1_7' title="bbox 231 859 1113 934; baseline 0.001 -19"><span class='ocrx_word' id='word_1_40' title='bbox 231 877 288 934; x_wconf 91' lang='lat' dir='ltr'>que</span> <span class='ocrx_word' id='word_1_41' title='bbox 314 859 409 915; x_wconf 90' lang='lat' dir='ltr'>totius</span> <span class='ocrx_word' id='word_1_42' title='bbox 420 859 491 916; x_wconf 92' lang='lat' dir='ltr'>bclli</span> <span class='ocrx_word' id='word_1_43' title='bbox 507 876 658 915; x_wconf 90' lang='lat' dir='ltr'>summam</span> <span class='ocrx_word' id='word_1_44' title='bbox 671 859 806 916; x_wconf 91' lang='lat' dir='ltr'>omnium</span> <span class='ocrx_word' id='word_1_45' title='bbox 818 859 975 917; x_wconf 87' lang='lat' dir='ltr'>voluntate</span> <span class='ocrx_word' id='word_1_46' title='bbox 986 859 1094 917; x_wconf 84' lang='lat' dir='ltr'>deferri</span> <span class='ocrx_word' id='word_1_47' title='bbox 1106 881 1113 917; x_wconf 76' lang='grc' dir='ltr'><strong>ι</strong></span> 
     </span>
     <span class='ocr_line' id='line_1_8' title="bbox 230 938 1116 1014; baseline 0.002 -19"><span class='ocrx_word' id='word_1_48' title='bbox 230 939 341 1014; x_wconf 90' lang='lat' dir='ltr'>oppida</span> <span class='ocrx_word' id='word_1_49' title='bbox 370 938 479 996; x_wconf 88' lang='lat' dir='ltr'>habere</span> <span class='ocrx_word' id='word_1_50' title='bbox 508 955 633 995; x_wconf 90' lang='lat' dir='ltr'>numero</span> <span class='ocrx_word' id='word_1_51' title='bbox 662 939 828 1009; x_wconf 84' lang='lat' dir='ltr'>duodecim,</span> <span class='ocrx_word' id='word_1_52' title='bbox 859 939 993 1014; x_wconf 83' lang='lat' dir='ltr'>polliceri</span> <span class='ocrx_word' id='word_1_53' title='bbox 1029 939 1116 997; x_wconf 87' lang='lat' dir='ltr'>milia</span> 
     </span>
     <span class='ocr_line' id='line_1_9' title="bbox 231 1017 1116 1094; baseline 0.002 -20"><span class='ocrx_word' id='word_1_54' title='bbox 231 1026 349 1075; x_wconf 90' lang='lat' dir='ltr'>armata</span> <span class='ocrx_word' id='word_1_55' title='bbox 364 1018 603 1094; x_wconf 78' lang='lat' dir='ltr'>quinquaginta:</span> <span class='ocrx_word' id='word_1_56' title='bbox 626 1019 754 1075; x_wconf 89' lang='lat' dir='ltr'>totidem</span> <span class='ocrx_word' id='word_1_57' title='bbox 768 1017 906 1087; x_wconf 87' lang='lat' dir='ltr'>Nervios,</span> <span class='ocrx_word' id='word_1_58' title='bbox 917 1019 969 1094; x_wconf 91' lang='lat' dir='ltr'>qui</span> <span class='ocrx_word' id='word_1_59' title='bbox 984 1020 1116 1077; x_wconf 79' lang='lat' dir='ltr'>maximo</span> 
     </span>
     <span class='ocr_line' id='line_1_10' title="bbox 230 1097 1117 1174; baseline 0.001 -19"><span class='ocrx_word' id='word_1_60' title='bbox 230 1099 285 1155; x_wconf 86' lang='lat' dir='ltr'>feri</span> <span class='ocrx_word' id='word_1_61' title='bbox 296 1099 375 1154; x_wconf 90' lang='lat' dir='ltr'>iuter</span> <span class='ocrx_word' id='word_1_62' title='bbox 385 1099 466 1174; x_wconf 86' lang='lat' dir='ltr'>ipsos</span> <span class='ocrx_word' id='word_1_63' title='bbox 477 1097 888 1173; x_wconf 80' lang='lat' dir='ltr'>habeanturlougissimcque</span> <span class='ocrx_word' id='word_1_64' title='bbox 899 1099 1016 1156; x_wconf 88' lang='lat' dir='ltr'>absint:</span> <span class='ocrx_word' id='word_1_65' title='bbox 1032 1100 1117 1174; x_wconf 91' lang='lat' dir='ltr'>quiu-</span> 
     </span>
     <span class='ocr_line' id='line_1_11' title="bbox 180 1177 1115 1237; baseline 0.003 -3"><span class='ocrx_word' id='word_1_66' title='bbox 180 1179 215 1236; x_wconf 93' lang='lat'>10</span> <span class='ocrx_word' id='word_1_67' title='bbox 229 1179 326 1236; x_wconf 88' lang='lat' dir='ltr'>decim</span> <span class='ocrx_word' id='word_1_68' title='bbox 359 1178 445 1234; x_wconf 87' lang='lat' dir='ltr'>milia</span> <span class='ocrx_word' id='word_1_69' title='bbox 473 1178 656 1236; x_wconf 80' lang='lat' dir='ltr'>Atrebates:</span> <span class='ocrx_word' id='word_1_70' title='bbox 690 1177 860 1234; x_wconf 79' lang='lat' dir='ltr'>Ambianos</span> <span class='ocrx_word' id='word_1_71' title='bbox 881 1178 984 1236; x_wconf 90' lang='lat' dir='ltr'>decem</span> <span class='ocrx_word' id='word_1_72' title='bbox 1014 1179 1115 1237; x_wconf 84' lang='lat' dir='ltr'>milia:</span> 
     </span>
     <span class='ocr_line' id='line_1_12' title="bbox 229 1256 1115 1334; baseline 0.001 -19"><span class='ocrx_word' id='word_1_73' title='bbox 229 1258 365 1316; x_wconf 81' lang='lat' dir='ltr'>Morinos</span> <span class='ocrx_word' id='word_1_74' title='bbox 387 1259 498 1332; x_wconf 79' lang='lat' dir='ltr'>viginti</span> <span class='ocrx_word' id='word_1_75' title='bbox 526 1258 656 1334; x_wconf 90' lang='lat' dir='ltr'>quinque</span> <span class='ocrx_word' id='word_1_76' title='bbox 684 1256 785 1314; x_wconf 89' lang='lat' dir='ltr'>milia:</span> <span class='ocrx_word' id='word_1_77' title='bbox 817 1257 977 1332; x_wconf 79' lang='lat' dir='ltr'>Menapios</span> <span class='ocrx_word' id='word_1_78' title='bbox 999 1264 1115 1332; x_wconf 90' lang='lat' dir='ltr'>septem</span> 
     </span>
     <span class='ocr_line' id='line_1_13' title="bbox 228 1336 1116 1397; baseline 0.001 -3"><span class='ocrx_word' id='word_1_79' title='bbox 228 1339 329 1395; x_wconf 88' lang='lat' dir='ltr'>milia:</span> <span class='ocrx_word' id='word_1_80' title='bbox 364 1338 491 1397; x_wconf 79' lang='lat' dir='ltr'>Caletos</span> <span class='ocrx_word' id='word_1_81' title='bbox 508 1338 610 1395; x_wconf 92' lang='lat' dir='ltr'>decem</span> <span class='ocrx_word' id='word_1_82' title='bbox 632 1336 734 1394; x_wconf 90' lang='lat' dir='ltr'>milia:</span> <span class='ocrx_word' id='word_1_83' title='bbox 767 1336 950 1395; x_wconf 87' lang='lat' dir='ltr'>Velocasscs</span> <span class='ocrx_word' id='word_1_84' title='bbox 970 1342 1002 1395; x_wconf 91' lang='lat' dir='ltr'>et</span> <span class='ocrx_word' id='word_1_85' title='bbox 1023 1338 1116 1396; x_wconf 82' lang='lat' dir='ltr'>Vero·</span> 
     </span>
     <span class='ocr_line' id='line_1_14' title="bbox 227 1416 1115 1490; baseline -0.001 -16"><span class='ocrx_word' id='word_1_86' title='bbox 227 1418 376 1476; x_wconf 82' lang='lat' dir='ltr'>manduce</span> <span class='ocrx_word' id='word_1_87' title='bbox 390 1418 534 1475; x_wconf 88' lang='lat' dir='ltr'>totidem:</span> <span class='ocrx_word' id='word_1_88' title='bbox 549 1417 729 1476; x_wconf 83' lang='lat' dir='ltr'>Aduatucos</span> <span class='ocrx_word' id='word_1_89' title='bbox 741 1416 886 1474; x_wconf 87' lang='lat' dir='ltr'>decernet</span> <span class='ocrx_word' id='word_1_90' title='bbox 897 1434 1005 1475; x_wconf 81' lang='lat' dir='ltr'>norem</span> <span class='ocrx_word' id='word_1_91' title='bbox 1020 1417 1115 1490; x_wconf 88' lang='lat' dir='ltr'>milia,</span> 
     </span>
     <span class='ocr_line' id='line_1_15' title="bbox 230 1496 1115 1572; baseline -0.002 -16"><span class='ocrx_word' id='word_1_92' title='bbox 230 1497 413 1567; x_wconf 74' lang='lat' dir='ltr'>CondrusoS,</span> <span class='ocrx_word' id='word_1_93' title='bbox 430 1497 598 1568; x_wconf 70' lang='lat' dir='ltr'>Eburones</span> <span class='ocrx_word' id='word_1_94' title='bbox 616 1496 772 1566; x_wconf 84' lang='lat' dir='ltr'>Oaeroesos,</span> <span class='ocrx_word' id='word_1_95' title='bbox 791 1497 958 1567; x_wconf 72' lang='lat' dir='ltr'>Poemanos</span> <span class='ocrx_word' id='word_1_96' title='bbox 980 1497 1032 1572; x_wconf 90' lang='lat' dir='ltr'>qui</span> <span class='ocrx_word' id='word_1_97' title='bbox 1053 1515 1115 1554; x_wconf 93' lang='lat' dir='ltr'>uuo</span> 
     </span>
     <span class='ocr_line' id='line_1_16' title="bbox 178 1576 1115 1654; baseline 0 -20"><span class='ocrx_word' id='word_1_98' title='bbox 178 1580 212 1636; x_wconf 87' lang='lat'>15</span> <span class='ocrx_word' id='word_1_99' title='bbox 228 1579 349 1635; x_wconf 89' lang='lat' dir='ltr'>nomine</span> <span class='ocrx_word' id='word_1_100' title='bbox 371 1577 515 1636; x_wconf 84' lang='lat' dir='ltr'>Germani</span> <span class='ocrx_word' id='word_1_101' title='bbox 537 1576 737 1654; x_wconf 83' lang='lat' dir='ltr'>appellantur,</span> <span class='ocrx_word' id='word_1_102' title='bbox 761 1576 901 1634; x_wconf 86' lang='lat' dir='ltr'>arbitrari</span> <span class='ocrx_word' id='word_1_103' title='bbox 923 1577 961 1634; x_wconf 91' lang='lat' dir='ltr'>ad</span> <span class='ocrx_word' id='word_1_104' title='bbox 988 1578 1115 1653; x_wconf 80' lang='lat' dir='ltr'>quadra</span> 
     </span>
     <span class='ocr_line' id='line_1_17' title="bbox 250 1657 498 1716; baseline 0 -2"><span class='ocrx_word' id='word_1_105' title='bbox 250 1657 419 1716; x_wconf 91' lang='lat' dir='ltr'>intamilia.</span> <span class='ocrx_word' id='word_1_106' title='bbox 497 1682 498 1686; x_wconf 42' lang='lat'>¹</span> 
     </span>
     <span class='ocr_line' id='line_1_18' title="bbox 228 1677 1114 1812; baseline -0.002 -15"><span class='ocrx_word' id='word_1_107' title='bbox 228 1677 293 1796; x_wconf 65' lang='lat' dir='ltr'>gb.</span> <span class='ocrx_word' id='word_1_108' title='bbox 318 1738 421 1797; x_wconf 81' lang='lat' dir='ltr'>Ooeser</span> <span class='ocrx_word' id='word_1_109' title='bbox 445 1737 560 1794; x_wconf 88' lang='lat' dir='ltr'>Remos</span> <span class='ocrx_word' id='word_1_110' title='bbox 587 1735 765 1794; x_wconf 82' lang='lat' dir='ltr'>cohortatus</span> <span class='ocrx_word' id='word_1_111' title='bbox 796 1735 1017 1812; x_wconf 86' lang='lat' dir='ltr'>liberaliterque</span> <span class='ocrx_word' id='word_1_112' title='bbox 1049 1754 1114 1795; x_wconf 86' lang='lat' dir='ltr'>ora·</span> 
     </span>
     <span class='ocr_line' id='line_1_19' title="bbox 197 1816 1110 1893; baseline -0.003 -18"><span class='ocrx_word' id='word_1_113' title='bbox 197 1890 200 1893; x_wconf 16' lang='grc' dir='ltr'><strong>Δ</strong></span> <span class='ocrx_word' id='word_1_114' title='bbox 227 1818 309 1876; x_wconf 91' lang='lat' dir='ltr'>tione</span> <span class='ocrx_word' id='word_1_115' title='bbox 330 1823 518 1893; x_wconf 74' lang='lat' dir='ltr'>prosecutus</span> <span class='ocrx_word' id='word_1_116' title='bbox 534 1833 654 1873; x_wconf 89' lang='lat' dir='ltr'>omnem</span> <span class='ocrx_word' id='word_1_117' title='bbox 676 1817 816 1874; x_wconf 90' lang='lat' dir='ltr'>senatum</span> <span class='ocrx_word' id='word_1_118' title='bbox 839 1816 877 1872; x_wconf 93' lang='lat' dir='ltr'>ad</span> <span class='ocrx_word' id='word_1_119' title='bbox 893 1833 925 1872; x_wconf 90' lang='lat' dir='ltr'>se</span> <span class='ocrx_word' id='word_1_120' title='bbox 947 1818 1110 1874; x_wconf 89' lang='lat' dir='ltr'>convenire</span> 
     </span>
     <span class='ocr_line' id='line_1_20' title="bbox 227 1895 1109 1974; baseline 0.001 -20"><span class='ocrx_word' id='word_1_121' title='bbox 227 1898 455 1974; x_wconf 83' lang='lat' dir='ltr'>principumque</span> <span class='ocrx_word' id='word_1_122' title='bbox 481 1897 591 1953; x_wconf 87' lang='lat' dir='ltr'>liberos</span> <span class='ocrx_word' id='word_1_123' title='bbox 616 1896 737 1953; x_wconf 88' lang='lat' dir='ltr'>obsides</span> <span class='ocrx_word' id='word_1_124' title='bbox 763 1895 800 1953; x_wconf 90' lang='lat' dir='ltr'>ad</span> <span class='ocrx_word' id='word_1_125' title='bbox 822 1913 854 1953; x_wconf 90' lang='lat' dir='ltr'>se</span> <span class='ocrx_word' id='word_1_126' title='bbox 876 1895 985 1953; x_wconf 90' lang='lat' dir='ltr'>adduci</span> <span class='ocrx_word' id='word_1_127' title='bbox 1009 1895 1109 1970; x_wconf 87' lang='lat' dir='ltr'>jussit.</span> 
     </span>
     <span class='ocr_line' id='line_1_21' title="bbox 176 1975 1108 2051; baseline -0.004 -14"><span class='ocrx_word' id='word_1_128' title='bbox 176 1981 213 2038; x_wconf 78' lang='lat'>20</span> <span class='ocrx_word' id='word_1_129' title='bbox 229 1979 302 2051; x_wconf 76' lang='lat' dir='ltr'>Qua</span> <span class='ocrx_word' id='word_1_130' title='bbox 326 1977 428 2034; x_wconf 85' lang='lat' dir='ltr'>omnia</span> <span class='ocrx_word' id='word_1_131' title='bbox 452 1977 490 2033; x_wconf 90' lang='lat' dir='ltr'>ab</span> <span class='ocrx_word' id='word_1_132' title='bbox 517 1975 565 2034; x_wconf 90' lang='lat' dir='ltr'>his</span> <span class='ocrx_word' id='word_1_133' title='bbox 588 1975 751 2050; x_wconf 82' lang='lat' dir='ltr'>diligenter</span> <span class='ocrx_word' id='word_1_134' title='bbox 766 1976 805 2032; x_wconf 92' lang='lat' dir='ltr'>ad</span> <span class='ocrx_word' id='word_1_135' title='bbox 820 1976 901 2033; x_wconf 89' lang='lat' dir='ltr'>diem</span> <span class='ocrx_word' id='word_1_136' title='bbox 924 1975 1006 2032; x_wconf 88' lang='lat' dir='ltr'>facta</span> <span class='ocrx_word' id='word_1_137' title='bbox 1029 1981 1108 2034; x_wconf 89' lang='lat' dir='ltr'>sunt.</span> 
     </span>
     <span class='ocr_line' id='line_1_22' title="bbox 228 2054 1110 2132; baseline -0.002 -18"><span class='ocrx_word' id='word_1_138' title='bbox 228 2057 297 2132; x_wconf 85' lang='lat' dir='ltr'>lpse</span> <span class='ocrx_word' id='word_1_139' title='bbox 326 2056 512 2116; x_wconf 88' lang='lat' dir='ltr'>Divitiacum</span> <span class='ocrx_word' id='word_1_140' title='bbox 540 2055 676 2113; x_wconf 81' lang='lat' dir='ltr'>AEduum</span> <span class='ocrx_word' id='word_1_141' title='bbox 711 2072 896 2130; x_wconf 87' lang='lat' dir='ltr'>magnopere</span> <span class='ocrx_word' id='word_1_142' title='bbox 933 2054 1110 2114; x_wconf 88' lang='lat' dir='ltr'>cohortatus</span> 
     </span>
     <span class='ocr_line' id='line_1_23' title="bbox 227 2135 1110 2212; baseline -0.002 -18"><span class='ocrx_word' id='word_1_143' title='bbox 227 2137 322 2206; x_wconf 92' lang='lat' dir='ltr'>docet,</span> <span class='ocrx_word' id='word_1_144' title='bbox 335 2143 448 2212; x_wconf 88' lang='lat' dir='ltr'>quanto</span> <span class='ocrx_word' id='word_1_145' title='bbox 464 2153 552 2211; x_wconf 91' lang='lat' dir='ltr'>opere</span> <span class='ocrx_word' id='word_1_146' title='bbox 566 2135 609 2192; x_wconf 89' lang='lat' dir='ltr'>rei</span> <span class='ocrx_word' id='word_1_147' title='bbox 624 2135 749 2210; x_wconf 84' lang='lat' dir='ltr'>publieae</span> <span class='ocrx_word' id='word_1_148' title='bbox 761 2135 988 2210; x_wconf 88' lang='lat' dir='ltr'>communisque</span> <span class='ocrx_word' id='word_1_149' title='bbox 1000 2135 1110 2193; x_wconf 87' lang='lat' dir='ltr'>salutis</span> 
     </span>
     <span class='ocr_line' id='line_1_24' title="bbox 226 2213 1111 2288; baseline -0.001 -15"><span class='ocrx_word' id='word_1_150' title='bbox 226 2216 355 2288; x_wconf 87' lang='lat' dir='ltr'>intersit,</span> <span class='ocrx_word' id='word_1_151' title='bbox 384 2232 494 2272; x_wconf 90' lang='lat' dir='ltr'>manus</span> <span class='ocrx_word' id='word_1_152' title='bbox 523 2214 657 2272; x_wconf 89' lang='lat' dir='ltr'>hostium</span> <span class='ocrx_word' id='word_1_153' title='bbox 685 2213 832 2285; x_wconf 87' lang='lat' dir='ltr'>distineri,</span> <span class='ocrx_word' id='word_1_154' title='bbox 862 2233 899 2272; x_wconf 93' lang='lat' dir='ltr'>ne</span> <span class='ocrx_word' id='word_1_155' title='bbox 927 2232 996 2272; x_wconf 90' lang='lat' dir='ltr'>euru</span> <span class='ocrx_word' id='word_1_156' title='bbox 1024 2221 1111 2272; x_wconf 91' lang='lat' dir='ltr'>tauta</span> 
     </span>
     <span class='ocr_line' id='line_1_25' title="bbox 227 2293 1135 2371; baseline -0.002 -18"><span class='ocrx_word' id='word_1_157' title='bbox 227 2296 421 2354; x_wconf 89' lang='lat' dir='ltr'>multitudiue</span> <span class='ocrx_word' id='word_1_158' title='bbox 437 2312 497 2353; x_wconf 88' lang='lat' dir='ltr'>unc</span> <span class='ocrx_word' id='word_1_159' title='bbox 511 2301 647 2371; x_wconf 87' lang='lat' dir='ltr'>tempore</span> <span class='ocrx_word' id='word_1_160' title='bbox 661 2293 884 2368; x_wconf 78' lang='lat' dir='ltr'>confligendum</span> <span class='ocrx_word' id='word_1_161' title='bbox 900 2295 948 2352; x_wconf 88' lang='lat' dir='ltr'>sit.</span> <span class='ocrx_word' id='word_1_162' title='bbox 991 2295 1030 2352; x_wconf 92' lang='lat' dir='ltr'>Id</span> <span class='ocrx_word' id='word_1_163' title='bbox 1045 2294 1108 2352; x_wconf 87' lang='lat' dir='ltr'>fieri</span> <span class='ocrx_word' id='word_1_164' title='bbox 1132 2295 1135 2300; x_wconf 82' lang='grc'><strong>’</strong></span> 
     </span>
     <span class='ocr_line' id='line_1_26' title="bbox 174 2373 1107 2452; baseline -0.008 -14"><span class='ocrx_word' id='word_1_165' title='bbox 174 2381 324 2452; x_wconf 76' lang='lat' dir='ltr'>esposse,</span> <span class='ocrx_word' id='word_1_166' title='bbox 341 2376 367 2432; x_wconf 89' lang='lat' dir='ltr'>si</span> <span class='ocrx_word' id='word_1_167' title='bbox 389 2392 461 2432; x_wconf 87' lang='lat' dir='ltr'>suas</span> <span class='ocrx_word' id='word_1_168' title='bbox 481 2373 584 2450; x_wconf 89' lang='lat' dir='ltr'>copias</span> <span class='ocrx_word' id='word_1_169' title='bbox 605 2374 699 2431; x_wconf 83' lang='lat' dir='ltr'>AEdui</span> <span class='ocrx_word' id='word_1_170' title='bbox 722 2374 754 2430; x_wconf 90' lang='lat' dir='ltr'>in</span> <span class='ocrx_word' id='word_1_171' title='bbox 775 2374 849 2431; x_wconf 91' lang='lat' dir='ltr'>fines</span> <span class='ocrx_word' id='word_1_172' title='bbox 878 2374 1107 2432; x_wconf 90' lang='lat' dir='ltr'>Bellovacorum</span> 
     </span>
     <span class='ocr_line' id='line_1_27' title="bbox 226 2454 1107 2530; baseline 0 -17"><span class='ocrx_word' id='word_1_173' title='bbox 226 2455 446 2513; x_wconf 81' lang='lat' dir='ltr'>introduxerint</span> <span class='ocrx_word' id='word_1_174' title='bbox 477 2459 509 2511; x_wconf 91' lang='lat' dir='ltr'>et</span> <span class='ocrx_word' id='word_1_175' title='bbox 537 2471 641 2511; x_wconf 90' lang='lat' dir='ltr'>eorum</span> <span class='ocrx_word' id='word_1_176' title='bbox 669 2470 759 2527; x_wconf 82' lang='lat' dir='ltr'>agros</span> <span class='ocrx_word' id='word_1_177' title='bbox 786 2454 926 2528; x_wconf 88' lang='lat' dir='ltr'>populari</span> <span class='ocrx_word' id='word_1_178' title='bbox 955 2455 1107 2530; x_wconf 88' lang='lat' dir='ltr'>coepcrint.</span> 
     </span>
     <span class='ocr_line' id='line_1_28' title="bbox 227 2533 1110 2608; baseline -0.005 -14"><span class='ocrx_word' id='word_1_179' title='bbox 227 2536 288 2594; x_wconf 88' lang='lat' dir='ltr'>His</span> <span class='ocrx_word' id='word_1_180' title='bbox 302 2535 457 2594; x_wconf 89' lang='lat' dir='ltr'>mandatis</span> <span class='ocrx_word' id='word_1_181' title='bbox 482 2552 551 2591; x_wconf 92' lang='lat' dir='ltr'>eum</span> <span class='ocrx_word' id='word_1_182' title='bbox 574 2534 611 2591; x_wconf 90' lang='lat' dir='ltr'>ab</span> <span class='ocrx_word' id='word_1_183' title='bbox 633 2550 664 2591; x_wconf 85' lang='lat' dir='ltr'>sa</span> <span class='ocrx_word' id='word_1_184' title='bbox 687 2533 822 2591; x_wconf 88' lang='lat' dir='ltr'>dimittit.</span> <span class='ocrx_word' id='word_1_185' title='bbox 868 2534 1035 2608; x_wconf 85' lang='lat' dir='ltr'>Postquam</span> <span class='ocrx_word' id='word_1_186' title='bbox 1049 2551 1110 2590; x_wconf 92' lang='lat' dir='ltr'>om·</span> 
     </span>
     <span class='ocr_line' id='line_1_29' title="bbox 226 2613 1108 2690; baseline -0.005 -16"><span class='ocrx_word' id='word_1_187' title='bbox 226 2633 280 2674; x_wconf 89' lang='lat' dir='ltr'>nes</span> <span class='ocrx_word' id='word_1_188' title='bbox 295 2615 460 2690; x_wconf 84' lang='lat' dir='ltr'>Belgarum</span> <span class='ocrx_word' id='word_1_189' title='bbox 474 2613 577 2689; x_wconf 88' lang='lat' dir='ltr'>copias</span> <span class='ocrx_word' id='word_1_190' title='bbox 598 2613 629 2669; x_wconf 92' lang='lat' dir='ltr'>iu</span> <span class='ocrx_word' id='word_1_191' title='bbox 649 2630 744 2670; x_wconf 91' lang='lat' dir='ltr'>uuum</span> <span class='ocrx_word' id='word_1_192' title='bbox 765 2614 865 2670; x_wconf 90' lang='lat' dir='ltr'>locum</span> <span class='ocrx_word' id='word_1_193' title='bbox 887 2619 1007 2672; x_wconf 86' lang='lat' dir='ltr'>coactas</span> <span class='ocrx_word' id='word_1_194' title='bbox 1023 2613 1061 2671; x_wconf 90' lang='lat' dir='ltr'>ad</span> <span class='ocrx_word' id='word_1_195' title='bbox 1076 2631 1108 2670; x_wconf 87' lang='lat' dir='ltr'>sc</span> 
     </span>
     <span class='ocr_line' id='line_1_30' title="bbox 226 2693 1109 2769; baseline -0.006 -15"><span class='ocrx_word' id='word_1_196' title='bbox 226 2697 327 2754; x_wconf 78' lang='lat' dir='ltr'>venire</span> <span class='ocrx_word' id='word_1_197' title='bbox 343 2695 428 2766; x_wconf 86' lang='lat' dir='ltr'>vidit,</span> <span class='ocrx_word' id='word_1_198' title='bbox 451 2711 546 2769; x_wconf 91' lang='lat' dir='ltr'>neque</span> <span class='ocrx_word' id='word_1_199' title='bbox 564 2695 628 2768; x_wconf 91' lang='lat' dir='ltr'>jam</span> <span class='ocrx_word' id='word_1_200' title='bbox 650 2693 740 2768; x_wconf 80' lang='lat' dir='ltr'>longe</span> <span class='ocrx_word' id='word_1_201' title='bbox 764 2693 870 2751; x_wconf 88' lang='lat' dir='ltr'>abasse</span> <span class='ocrx_word' id='word_1_202' title='bbox 894 2695 931 2751; x_wconf 89' lang='lat' dir='ltr'>ab</span> <span class='ocrx_word' id='word_1_203' title='bbox 954 2693 1009 2763; x_wconf 86' lang='lat' dir='ltr'>his,</span> <span class='ocrx_word' id='word_1_204' title='bbox 1032 2710 1109 2768; x_wconf 87' lang='lat' dir='ltr'>quos</span> 
     </span>
     <span class='ocr_line' id='line_1_31' title="bbox 173 2771 1176 2850; baseline -0.014 -12"><span class='ocrx_word' id='word_1_205' title='bbox 173 2783 212 2838; x_wconf 86' lang='grc'>80</span> <span class='ocrx_word' id='word_1_206' title='bbox 226 2777 360 2845; x_wconf 87' lang='lat' dir='ltr'>miserat,</span> <span class='ocrx_word' id='word_1_207' title='bbox 376 2774 625 2850; x_wconf 81' lang='lat' dir='ltr'>exploratoribus,</span> <span class='ocrx_word' id='word_1_208' title='bbox 641 2778 673 2830; x_wconf 89' lang='lat' dir='ltr'>et</span> <span class='ocrx_word' id='word_1_209' title='bbox 694 2774 732 2830; x_wconf 87' lang='lat' dir='ltr'>ab</span> <span class='ocrx_word' id='word_1_210' title='bbox 755 2773 862 2831; x_wconf 87' lang='lat' dir='ltr'>Remis</span> <span class='ocrx_word' id='word_1_211' title='bbox 883 2773 1034 2848; x_wconf 82' lang='lat' dir='ltr'>cognovit,</span> <span class='ocrx_word' id='word_1_212' title='bbox 1058 2771 1109 2830; x_wconf 88' lang='lat' dir='ltr'>llu-</span> <span class='ocrx_word' id='word_1_213' title='bbox 1172 2815 1176 2824; x_wconf 90' lang='lat'><em>.</em></span> 
     </span>
     <span class='ocr_line' id='line_1_32' title="bbox 226 2851 1109 2930; baseline -0.005 -18"><span class='ocrx_word' id='word_1_214' title='bbox 226 2874 296 2914; x_wconf 91' lang='lat' dir='ltr'>meu</span> <span class='ocrx_word' id='word_1_215' title='bbox 311 2857 461 2924; x_wconf 85' lang='lat' dir='ltr'>Axonam,</span> <span class='ocrx_word' id='word_1_216' title='bbox 477 2855 557 2930; x_wconf 91' lang='lat' dir='ltr'>quod</span> <span class='ocrx_word' id='word_1_217' title='bbox 578 2858 626 2910; x_wconf 91' lang='lat' dir='ltr'>est</span> <span class='ocrx_word' id='word_1_218' title='bbox 647 2853 678 2909; x_wconf 90' lang='lat' dir='ltr'>in</span> <span class='ocrx_word' id='word_1_219' title='bbox 699 2853 841 2910; x_wconf 87' lang='lat' dir='ltr'>extremis</span> <span class='ocrx_word' id='word_1_220' title='bbox 864 2854 1030 2911; x_wconf 88' lang='lat' dir='ltr'>Remorum</span> <span class='ocrx_word' id='word_1_221' title='bbox 1047 2851 1109 2909; x_wconf 89' lang='lat' dir='ltr'>fini-</span> 
     </span>
     <span class='ocr_line' id='line_1_33' title="bbox 226 2931 1107 3008; baseline -0.005 -16"><span class='ocrx_word' id='word_1_222' title='bbox 226 2936 292 3006; x_wconf 90' lang='lat' dir='ltr'>bus,</span> <span class='ocrx_word' id='word_1_223' title='bbox 321 2936 486 2993; x_wconf 86' lang='lat' dir='ltr'>exorcitum</span> <span class='ocrx_word' id='word_1_224' title='bbox 514 2933 709 2991; x_wconf 89' lang='lat' dir='ltr'>transducere</span> <span class='ocrx_word' id='word_1_225' title='bbox 738 2933 914 3004; x_wconf 89' lang='lat' dir='ltr'>maturavit,</span> <span class='ocrx_word' id='word_1_226' title='bbox 944 2938 1034 3008; x_wconf 89' lang='lat' dir='ltr'>atque</span> <span class='ocrx_word' id='word_1_227' title='bbox 1067 2931 1107 2988; x_wconf 91' lang='lat' dir='ltr'>ibi</span> 
     </span>
     <span class='ocr_line' id='line_1_34' title="bbox 226 3012 1108 3089; baseline -0.007 -15"><span class='ocrx_word' id='word_1_228' title='bbox 226 3022 326 3075; x_wconf 87' lang='lat' dir='ltr'>castra</span> <span class='ocrx_word' id='word_1_229' title='bbox 348 3014 458 3089; x_wconf 88' lang='lat' dir='ltr'>posuit.</span> <span class='ocrx_word' id='word_1_230' title='bbox 503 3014 576 3086; x_wconf 81' lang='lat' dir='ltr'>Quae</span> <span class='ocrx_word' id='word_1_231' title='bbox 599 3030 648 3070; x_wconf 89' lang='lat' dir='ltr'>res</span> <span class='ocrx_word' id='word_1_232' title='bbox 670 3019 701 3070; x_wconf 89' lang='lat' dir='ltr'>et</span> <span class='ocrx_word' id='word_1_233' title='bbox 723 3012 804 3070; x_wconf 90' lang='lat' dir='ltr'>latus</span> <span class='ocrx_word' id='word_1_234' title='bbox 825 3031 919 3070; x_wconf 89' lang='lat' dir='ltr'>uuum</span> <span class='ocrx_word' id='word_1_235' title='bbox 938 3018 1108 3070; x_wconf 87' lang='lat' dir='ltr'>castrorum</span> 
     </span>
     <span class='ocr_line' id='line_1_35' title="bbox 225 3093 1109 3171; baseline -0.006 -18"><span class='ocrx_word' id='word_1_236' title='bbox 225 3096 299 3171; x_wconf 88' lang='lat' dir='ltr'>ripis</span> <span class='ocrx_word' id='word_1_237' title='bbox 311 3095 443 3151; x_wconf 89' lang='lat' dir='ltr'>fluminis</span> <span class='ocrx_word' id='word_1_238' title='bbox 457 3093 612 3150; x_wconf 88' lang='lat' dir='ltr'>muniebat</span> <span class='ocrx_word' id='word_1_239' title='bbox 632 3097 746 3167; x_wconf 84' lang='lat' dir='ltr'>etpost</span> <span class='ocrx_word' id='word_1_240' title='bbox 760 3110 828 3150; x_wconf 89' lang='lat' dir='ltr'>curu</span> <span class='ocrx_word' id='word_1_241' title='bbox 844 3111 909 3168; x_wconf 85' lang='lat' dir='ltr'>quae</span> <span class='ocrx_word' id='word_1_242' title='bbox 924 3098 1027 3149; x_wconf 88' lang='lat' dir='ltr'>essent</span> <span class='ocrx_word' id='word_1_243' title='bbox 1040 3096 1109 3148; x_wconf 83' lang='lat' dir='ltr'>tuta</span> 
     </span>
     <span class='ocr_line' id='line_1_36' title="bbox 174 3171 1110 3242; baseline -0.009 -7"><span class='ocrx_word' id='word_1_244' title='bbox 174 3177 211 3236; x_wconf 80' lang='lat'>35</span> <span class='ocrx_word' id='word_1_245' title='bbox 227 3176 265 3233; x_wconf 88' lang='lat' dir='ltr'>ab</span> <span class='ocrx_word' id='word_1_246' title='bbox 281 3174 418 3232; x_wconf 88' lang='lat' dir='ltr'>hostibus</span> <span class='ocrx_word' id='word_1_247' title='bbox 433 3172 587 3241; x_wconf 87' lang='lat' dir='ltr'>reddebat,</span> <span class='ocrx_word' id='word_1_248' title='bbox 603 3178 643 3242; x_wconf 89' lang='lat' dir='ltr'>et,</span> <span class='ocrx_word' id='word_1_249' title='bbox 658 3177 846 3230; x_wconf 87' lang='lat' dir='ltr'>commeatus</span> <span class='ocrx_word' id='word_1_250' title='bbox 868 3172 905 3228; x_wconf 93' lang='lat' dir='ltr'>ab</span> <span class='ocrx_word' id='word_1_251' title='bbox 921 3171 1028 3229; x_wconf 89' lang='lat' dir='ltr'>Remis</span> <span class='ocrx_word' id='word_1_252' title='bbox 1043 3171 1110 3228; x_wconf 91' lang='lat' dir='ltr'>reli-</span> 
     </span>
     <span class='ocr_line' id='line_1_37' title="bbox 227 3249 1109 3331; baseline -0.005 -19"><span class='ocrx_word' id='word_1_253' title='bbox 227 3256 350 3331; x_wconf 87' lang='lat' dir='ltr'>quisque</span> <span class='ocrx_word' id='word_1_254' title='bbox 366 3253 544 3310; x_wconf 87' lang='lat' dir='ltr'>civitatibus</span> <span class='ocrx_word' id='word_1_255' title='bbox 566 3257 601 3310; x_wconf 92' lang='lat' dir='ltr'>ut</span> <span class='ocrx_word' id='word_1_256' title='bbox 616 3253 680 3309; x_wconf 89' lang='lat' dir='ltr'>siue</span> <span class='ocrx_word' id='word_1_257' title='bbox 694 3249 842 3327; x_wconf 90' lang='lat' dir='ltr'>periculo</span> <span class='ocrx_word' id='word_1_258' title='bbox 850 3253 888 3309; x_wconf 91' lang='lat' dir='ltr'>ad</span> <span class='ocrx_word' id='word_1_259' title='bbox 909 3269 978 3308; x_wconf 91' lang='lat' dir='ltr'>euru</span> <span class='ocrx_word' id='word_1_260' title='bbox 993 3251 1109 3324; x_wconf 87' lang='lat' dir='ltr'>portari</span> 
     </span>
     <span class='ocr_line' id='line_1_38' title="bbox 226 3329 1108 3411; baseline -0.007 -19"><span class='ocrx_word' id='word_1_261' title='bbox 226 3339 337 3411; x_wconf 91' lang='lat' dir='ltr'>posset,</span> <span class='ocrx_word' id='word_1_262' title='bbox 363 3333 516 3391; x_wconf 88' lang='lat' dir='ltr'>efficiebat.</span> <span class='ocrx_word' id='word_1_263' title='bbox 560 3332 598 3390; x_wconf 90' lang='lat' dir='ltr'>Iu</span> <span class='ocrx_word' id='word_1_264' title='bbox 625 3349 661 3388; x_wconf 90' lang='lat' dir='ltr'>eo</span> <span class='ocrx_word' id='word_1_265' title='bbox 689 3329 811 3389; x_wconf 89' lang='lat' dir='ltr'>flumine</span> <span class='ocrx_word' id='word_1_266' title='bbox 840 3349 917 3405; x_wconf 89' lang='lat' dir='ltr'>pons</span> <span class='ocrx_word' id='word_1_267' title='bbox 945 3336 1017 3388; x_wconf 87' lang='lat' dir='ltr'>erat.</span> <span class='ocrx_word' id='word_1_268' title='bbox 1060 3330 1108 3387; x_wconf 91' lang='lat' dir='ltr'>lbi</span> 
     </span>
     <span class='ocr_line' id='line_1_39' title="bbox 228 3409 1108 3488; baseline -0.006 -17"><span class='ocrx_word' id='word_1_269' title='bbox 228 3413 402 3488; x_wconf 73' lang='lat' dir='ltr'>presidium</span> <span class='ocrx_word' id='word_1_270' title='bbox 416 3412 505 3487; x_wconf 90' lang='lat' dir='ltr'>pouit</span> <span class='ocrx_word' id='word_1_271' title='bbox 524 3412 577 3468; x_wconf 90' lang='lat' dir='ltr'>et&#39;</span> <span class='ocrx_word' id='word_1_272' title='bbox 569 3429 600 3468; x_wconf 87' lang='lat' dir='ltr'>ru</span> <span class='ocrx_word' id='word_1_273' title='bbox 617 3411 712 3468; x_wconf 84' lang='lat' dir='ltr'>altera</span> <span class='ocrx_word' id='word_1_274' title='bbox 721 3417 789 3487; x_wconf 86' lang='lat' dir='ltr'>part</span> <span class='ocrx_word' id='word_1_275' title='bbox 790 3430 806 3468; x_wconf 93' lang='lat' dir='ltr'>e</span> <span class='ocrx_word' id='word_1_276' title='bbox 777 3409 951 3468; x_wconf 84' lang='lat' dir='ltr'>tflumiuis</span> <span class='ocrx_word' id='word_1_277' title='bbox 961 3411 1054 3483; x_wconf 79' lang='lat' dir='ltr'>Quint</span> <span class='ocrx_word' id='word_1_278' title='bbox 1052 3427 1108 3466; x_wconf 92' lang='lat' dir='ltr'>um</span> 
     </span>
     <span class='ocr_line' id='line_1_40' title="bbox 228 3489 1110 3567; baseline -0.005 -17"><span class='ocrx_word' id='word_1_279' title='bbox 228 3493 379 3552; x_wconf 76' lang='lat' dir='ltr'>Titurium</span> <span class='ocrx_word' id='word_1_280' title='bbox 396 3491 541 3552; x_wconf 83' lang='lat' dir='ltr'>Sabinum</span> <span class='ocrx_word' id='word_1_281' title='bbox 557 3490 693 3567; x_wconf 84' lang='lat' dir='ltr'>legatum</span> <span class='ocrx_word' id='word_1_282' title='bbox 705 3509 774 3549; x_wconf 91' lang='lat' dir='ltr'>cum</span> <span class='ocrx_word' id='word_1_283' title='bbox 789 3508 841 3548; x_wconf 86' lang='lat' dir='ltr'>sex</span> <span class='ocrx_word' id='word_1_284' title='bbox 856 3490 1032 3549; x_wconf 84' lang='lat' dir='ltr'>cohortibus</span> <span class='ocrx_word' id='word_1_285' title='bbox 1046 3489 1110 3547; x_wconf 89' lang='lat' dir='ltr'>reli·</span> 
     </span>
    </p>
   </div>
   <div class='ocr_carea' id='block_1_3' title="bbox 0 0 1266 3776">
    <p class='ocr_par' dir='ltr' id='par_1_3' title="bbox 0 0 1266 3776">
     <span class='ocr_line' id='line_1_41' title="bbox 0 0 1266 3776; baseline 0 1"><span class='ocrx_word' id='word_1_286' title='bbox 0 0 1266 3776; x_wconf 95' lang='lat' dir='ltr'> </span> 
     </span>
    </p>
   </div>
  </div>
 </body>
</html>
