2562 3770
460 315 573 362 muna
597 314 789 362 srrrrnus.
1036 295 1098 360 188

167 465 380 543 pedestresque
395 465 498 540 copias
520 465 644 540 paulum
666 465 704 522 ab
726 482 762 522 eo
783 464 848 522 loco
871 463 993 524 abditas
1014 464 1046 522 in

168 545 241 606 locis
256 546 458 622 superioribus
473 546 669 604 constituunt.
714 545 790 602 Erat
804 562 841 602 ex
856 543 966 620 oppido
977 543 1047 602 Ale·

167 626 215 684 sia
230 627 391 701 despectus
412 627 443 683 in
464 642 611 700 campum.
656 625 847 683 Concurrunt
862 622 909 680 bis
924 621 1045 680 auxiliis

168 706 261 763 visis:
283 706 316 763 fit
330 705 492 780 gratulatio
514 705 664 762 intereos
686 711 776 780 atque
798 703 931 761 omniurn
953 701 1045 760 animi

168 786 205 843 ad
218 786 354 843 laetitiam
366 786 542 842 excitantur.
573 784 681 859 Itaque
697 784 851 859 productis
866 781 961 857 copiis
975 788 1045 840 ante
1079 780 1097 839 5

168 865 311 940 oppidum
334 865 493 922 considunt
520 869 552 922 et
580 865 748 939 proximam
773 864 887 921 lessam
911 862 1046 921 cratibus

169 945 311 1019 integunt
326 951 416 1020 atque
432 961 542 1020 aggere
564 943 685 1019 explent
699 961 790 1019 seque
805 943 844 1002 ad
858 943 1046 1020 eruptionem

168 1030 259 1099 atque
275 1042 379 1082 omnes
393 1042 482 1082 casus
497 1029 679 1099 comparant.

209 1108 255 1162 80.
280 1104 382 1162 Oaesar
409 1103 490 1161 omni
517 1103 651 1162 exercitu
679 1102 718 1161 ad
746 1108 902 1178 utramque
929 1107 1047 1177 partem

168 1184 370 1241 munitionum
386 1183 542 1258 disposito,
555 1188 597 1253 ut,
610 1183 636 1240 si
650 1200 724 1241 usus
739 1183 953 1252 veniat-suum
967 1181 1048 1256 quis·
1063 1177 1099 1236 10

168 1281 227 1338 que
250 1264 348 1320 locum
370 1269 473 1321 teneat
496 1268 527 1320 et
549 1264 675 1330 noverit,
689 1261 858 1337 equitatum
879 1279 917 1320 ex
939 1261 1047 1319 castris

168 1343 256 1399 educi
271 1352 303 1400 et
317 1343 455 1418 proelium
470 1343 617 1400 committi
628 1343 722 1416 jubet.
766 1341 842 1400 Erat
856 1358 893 1400 ex
908 1340 1047 1401 omnibus

169 1423 369 1498 castrisque
385 1440 536 1480 summum
553 1422 683 1497 undique
700 1425 808 1498 jugum
829 1422 983 1490 tenebant,
999 1420 1047 1478 de

170 1507 310 1578 spectus;
326 1508 416 1577 atque
429 1519 532 1559 onrnes
548 1501 658 1559 milites
672 1502 781 1560 intenti
797 1519 907 1576 pugna
921 1517 1047 1575 proven-

169 1587 235 1638 tum
250 1582 474 1656 exspectabant.
518 1581 597 1642 Galli
619 1581 697 1638 inter
711 1582 829 1657 equites
850 1598 935 1638 raros
956 1577 1098 1654 sagit-15

169 1661 265 1718 tarios
278 1662 494 1736 expeditosque
508 1661 585 1718 levis
597 1667 755 1719 armature
768 1661 985 1734 interjecerant,
995 1659 1046 1734 qui

170 1741 236 1798 suis
257 1741 432 1801 cedentibus
457 1741 568 1798 auxilio
596 1746 801 1798 succurrerent
822 1746 853 1797 et
875 1746 1046 1798 nostrorum

171 1821 306 1896 equitum
322 1821 451 1896 impetus
465 1820 658 1880 sustinerent.
703 1821 754 1878 Ab
770 1819 816 1876 his
831 1819 999 1894 complures
1010 1819 1047 1876 de

172 1901 336 1974 improviso
352 1901 498 1958 vulnerati
521 1900 624 1975 proelio
645 1894 836 1958 excellebant.
881 1898 958 1957 Cum
976 1915 1048 1956 suos

171 1998 281 2055 pugnae
303 1981 471 2054 superiores
491 1999 558 2038 esse
574 1979 654 2038 Galli
674 1980 857 2038 confiderent
876 1984 907 2036 et
928 1977 1100 2037 nostraene

172 2060 364 2117 multitudine
379 2061 472 2135 premi
489 2060 633 2129 viderent,
649 2077 685 2117 ex
708 2060 848 2117 omnibus
862 2058 999 2134 partibus
1016 2063 1048 2114 et

172 2138 203 2208 ii,
228 2139 279 2214 qui
308 2140 526 2198 munitionibus
548 2139 787 2209 continebantur,
813 2144 844 2196 et
869 2137 908 2208 hi,
932 2138 984 2212 qui
1009 2138 1047 2196 ad

172 2219 318 2276 auxilium
341 2225 550 2289 convenerant,
576 2219 707 2276 clamore
729 2226 761 2277 et
783 2218 900 2276 ululatu
926 2235 1048 2275 suorum

172 2299 290 2355 animos
305 2299 526 2356 confirmabant.
571 2299 658 2371 Quod
680 2299 710 2355 in
731 2304 893 2373 conspeetu
914 2298 1047 2355 onmium

172 2396 220 2435 res
234 2379 396 2452 gerebatur
419 2396 515 2453 neque
529 2383 608 2435 recte
631 2397 664 2436 ac
686 2379 812 2454 turpiter
826 2378 939 2436 lactum
959 2377 1048 2435 celari
1064 2375 1100 2438 25

172 2463 307 2534 poterat3
329 2464 468 2532 utrosque
482 2465 514 2516 et
527 2457 626 2515 landis
641 2459 792 2532 cupiditas
812 2463 843 2515 et
862 2458 953 2516 timor
967 2458 1050 2531 igno-

172 2537 273 2594 miniae
302 2536 340 2594 ad
369 2537 509 2595 virtutem
537 2537 718 2596 excitabant.
772 2537 849 2595 (lum
878 2556 897 2594 a
923 2537 1047 2595 meridie

173 2633 271 2691 propo·
287 2616 324 2673 ad
346 2616 418 2674 solis
440 2635 578 2675 occasum
600 2618 692 2675 dubia
708 2618 833 2675 victoris
853 2624 1047 2693 pugnaretur,

173 2695 316 2754 Germani
341 2713 402 2752 una
425 2697 455 2753 in
478 2701 564 2772 parte
592 2698 733 2755 confertis
757 2698 867 2768 turmis
892 2697 922 2754 ln
945 2696 1049 2755 hostes

171 2774 319 2850 impetum
344 2775 477 2832 feceruut
503 2793 614 2851 eosque
638 2777 852 2851 propulerunt3
881 2777 990 2851 quibus
1019 2777 1048 2832 ln
1063 2773 1100 2830 30

173 2855 277 2928 lugam
300 2855 442 2930 conjectis
463 2856 614 2927 sagittarii
629 2857 824 2914 circumventi
842 2857 1049 2930 interfectique

173 2941 252 2991 sunt.
304 2933 384 2990 Itcm
411 2953 448 2992 ex
475 2935 598 3010 reliquis
625 2937 761 3010 partibus
790 2936 887 2993 nostrl
909 2935 1049 2993 cedentes

173 3031 268 3089 usque
292 3013 330 3070 ad
351 3019 451 3071 castra
473 3015 599 3072 insecuti
630 3015 676 3071 sui
697 3015 855 3090 colligendi
876 3014 1049 3072 facultatem

173 3111 233 3150 non
254 3093 411 3152 dederunt.
462 3094 506 3151 At
527 3094 557 3164 ii,
573 3093 623 3168 qui
646 3094 683 3150 ali
705 3095 810 3152 Alesia
831 3100 1047 3170 processerant,

174 3173 274 3230 moesti
304 3190 396 3248 prope
426 3173 552 3230 victoria
582 3173 739 3247 desperata
774 3192 806 3231 se
841 3175 871 3231 in
906 3174 1050 3249 oppidum
1066 3171 1100 3230 35

174 3257 358 3328 receperunt.

215 3334 259 3390 Sl.
284 3332 355 3389 Uno
375 3332 423 3389 die
444 3332 626 3401 intermisso,
650 3331 737 3400 Galli,
761 3339 852 3408 atque
874 3331 928 3389 hoc
950 3331 1049 3406 spatio

176 3429 286 3486 magno
321 3412 458 3481 cratium,
488 3412 646 3481 scalarum,
682 3411 890 3487 harpagonum
927 3427 1050 3467 numero

174 3490 288 3562 allecto,
312 3492 410 3550 modia
435 3497 521 3550 nocta
544 3492 662 3548 silentio
683 3509 719 3548 ex
744 3491 851 3549 castris
875 3489 986 3564 egressi
1012 3488 1052 3545 ed
