2524 3776
408 291 454 338 Du
479 290 599 337 sunto
626 289 800 338 (ratmot.

179 443 299 514 absunt,
313 459 380 517 quoe
401 441 510 500 civitas
532 446 580 498 est
600 439 631 496 in
651 441 815 516 provincia.
857 441 896 499 Id
917 441 943 500 si
964 440 1056 512 fieret,

179 522 369 597 intelligebat
383 539 494 596 magno
509 538 577 578 cum
591 521 723 596 periculo
737 521 899 596 provincia
913 522 1057 592 futurum,

180 608 214 660 ut
228 602 365 660 homines
379 601 546 671 bellicosos,
558 600 660 676 populi
676 600 807 658 Romani
821 601 968 672 inimicos,
984 601 1057 659 locis

178 681 352 759 patentibus
362 681 551 757 maximeque
559 681 915 739 frumentariislinitimos
924 681 1056 740 haberet

146 761 227 822 hOb
252 780 304 819 eas
329 779 437 820 causas
462 762 489 818 ei
512 761 684 831 munitioni,
706 761 938 836 quamfecerat,
955 761 1058 819 Titum

179 840 348 900 Labienum
359 842 495 916 legatum
508 841 658 916 praefecit:
680 841 745 916 ipse
758 841 789 898 in
801 841 925 898 Italiam
937 841 1059 915 maguis

179 921 340 979 itineribus
354 922 509 980 contendit
522 921 657 995 duasque
673 920 712 977 ibi
727 920 865 996 legiones
885 921 1057 992 conscribit,

180 1008 211 1058 et
224 1006 295 1072 tres,
310 1019 376 1077 quae
391 1002 501 1058 circum
518 1000 692 1075 Aquileiam
712 999 896 1070 hiemabant,
912 1017 950 1058 ex
964 1000 1060 1058 hiber·-

180 1081 230 1138 nis
243 1081 365 1155 educit3
386 1087 417 1138 et
431 1098 491 1156 qua
504 1080 676 1156 proximum
691 1079 749 1137 iter
759 1080 791 1136 in
802 1080 976 1138 ulteriorem
992 1080 1061 1139 Gal-

130 1163 166 1220 10
180 1160 251 1218 liam
266 1178 320 1235 per
334 1160 430 1236 Alpes
444 1167 517 1231 erat,
534 1177 602 1218 cum
618 1159 667 1216 his
681 1160 812 1235 quinque
831 1160 1003 1236 legionibus
1017 1161 1060 1217 ire

181 1241 343 1298 contendit.
386 1240 434 1298 Ibi
450 1240 618 1299 Ceutrones
632 1244 664 1296 et
679 1239 829 1298 Graioceli
844 1248 875 1298 et
888 1239 1059 1314 Caturiges,

181 1320 257 1377 locis
277 1319 484 1395 superioribus
506 1320 670 1394 occupatis,
686 1319 794 1377 itinere
809 1320 974 1378 exercitum
995 1336 1062 1394 pro·

182 1399 283 1457 hibere
304 1406 458 1458 conantur.
503 1398 717 1474 Compluribus
743 1399 790 1457 his
814 1399 929 1476 proeliis
954 1399 1060 1474 pulsis,

182 1480 220 1537 ab
237 1479 337 1550 Ocelo,
350 1480 430 1554 quod
444 1485 492 1537 est
506 1480 654 1537 citerioris
665 1479 827 1554 provinciae
839 1487 1016 1549 extremum,
1029 1479 1061 1536 in

131 1561 166 1618 15
181 1559 255 1616 lines
270 1558 487 1618 Vocontiorum
509 1559 659 1629 ulterioris
680 1558 842 1633 provinciae
861 1559 910 1617 die
932 1560 1062 1633 septimo

182 1639 339 1716 pervenit;
361 1639 429 1697 inde
450 1640 482 1695 in
503 1639 703 1714 Allobrogum
719 1639 810 1698 lines:
833 1639 872 1696 ab
889 1639 1060 1712 Allobrogi-

183 1721 240 1777 bus
260 1719 291 1776 in
314 1719 501 1794 Segusiauos
516 1719 680 1776 exercitum
695 1719 787 1776 ducit.
832 1718 876 1776 Hi
891 1726 963 1776 sunt
976 1725 1062 1775 extra

182 1797 371 1875 provinciam
386 1804 471 1856 trans
487 1798 672 1856 Rhodanum
686 1799 786 1873 primi.

227 1880 270 1937 ll.
294 1879 431 1937 Helvetii
448 1880 513 1953 jam
534 1896 588 1954 per
603 1878 762 1954 angustias
776 1883 808 1936 et
822 1877 897 1935 fines
912 1876 1065 1953 Sequano·

131 1964 169 2020 20
183 1976 249 2016 rum
265 1976 338 2016 suas
352 1959 455 2034 copias
467 1958 710 2028 transduxerant,
723 1957 798 2015 etin
809 1956 979 2015 AEduorum
990 1955 1064 2014 fines

183 2044 390 2114 pervenerant,
407 2055 570 2112 eorumque
585 2055 676 2113 agros
691 2037 924 2113 populabantur.
968 2036 1064 2095 AEdui

183 2137 251 2176 cum
267 2136 299 2176 se
315 2136 428 2194 suaque
444 2118 483 2176 ab
497 2117 535 2174 iis
549 2118 709 2178 defendere
722 2134 782 2174 non
796 2122 930 2192 possent,
946 2116 1066 2191 legatos

185 2199 224 2258 ad
240 2198 392 2257 Caesarem
406 2199 533 2255 mittunt
542 2205 683 2272 rogatum
696 2197 859 2255 auxilium:
882 2196 927 2254 ita
941 2195 1066 2253 seomni

184 2285 319 2354 tempore
340 2279 376 2336 de
398 2278 509 2354 populo
530 2277 672 2334 Romano
693 2277 818 2334 meritos
839 2293 916 2347 esse,
932 2281 967 2333 ut
980 2293 1065 2351 paene

132 2361 169 2417 25
184 2360 215 2416 in
243 2363 406 2433 conspectu
433 2357 584 2415 exercitus
613 2357 708 2414 nostri
738 2356 803 2431 agri
832 2356 956 2425 vastari,
978 2354 1066 2412 liberi

185 2456 290 2496 eorum
311 2438 343 2495 in
364 2437 543 2494 servitutem
558 2437 675 2506 abduci,
692 2437 803 2511 oppida
816 2435 984 2511 expugnari
1005 2452 1066 2492 non

186 2517 351 2577 debuerint.
395 2517 512 2574 Eodem
526 2521 661 2592 tempore
682 2515 777 2574 AEdui
799 2514 951 2586 Ambarri,
967 2531 1068 2572 neces·

186 2599 258 2656 sarii
273 2603 304 2656 et
317 2595 728 2671 consanguineiAEduorum,
742 2595 893 2654 Caesarem
908 2595 1067 2652 certiorem

186 2678 308 2748 iaciunt,
324 2694 391 2735 sese
406 2675 599 2752 depopulatis
614 2675 696 2750 agris
716 2692 777 2732 non
792 2674 879 2732 facile
895 2675 933 2731 ab
948 2673 1068 2749 oppidis

133 2761 171 2817 30
188 2759 250 2815 vim
266 2757 398 2815 hostium
413 2756 591 2830 prohibere:
613 2756 684 2812 item
708 2755 900 2829 Allobroges,
916 2754 966 2828 qui
982 2759 1068 2809 trans

189 2837 373 2896 Rhodanum
390 2835 474 2893 vicos
488 2834 757 2911 possessionesque
772 2834 932 2901 habebant,
946 2833 1021 2908 fuga
1036 2849 1069 2890 se

188 2919 228 2975 ad
251 2917 399 2976 Caesarcm
422 2915 572 2989 recipiunt
592 2921 623 2972 et
644 2915 863 2984 demonstrant,
879 2913 939 2970 sibi
960 2917 1069 2988 praeter

190 2998 255 3073 agri
270 2996 368 3054 solum
383 2995 457 3053 nihil
473 3012 539 3052 esse
561 2994 677 3068 reliqui.
722 2993 840 3067 Quibus
855 2992 945 3050 rebus
960 2992 1070 3049 adduc-

190 3085 240 3136 tus
263 3076 366 3135 Caesar
381 3092 440 3132 non
455 3074 691 3150 exspectandum
708 3073 766 3131 sibi
782 3073 900 3143 statuit,
916 3071 992 3151 dum⁸
1010 3089 1071 3129 om-

137 3159 173 3218 tt
190 3156 280 3214 nibus
305 3155 434 3214 fortunis
459 3155 606 3212 sociorum
636 3153 831 3229 consumptis,
854 3153 885 3209 in
918 3151 1071 3210 Santonos

190 3235 327 3294 Helvetii
342 3234 542 3310 pervenirent.

233 3317 277 3374 12.
301 3314 430 3372 Flumen
444 3321 491 3372 est
506 3314 596 3384 Arar,
610 3313 689 3386 quod
704 3329 757 3388 per
768 3311 842 3368 lines
857 3310 1026 3368 AEduorum
1040 3314 1070 3367 et

193 3395 403 3470 Sequanorum
413 3393 445 3451 in
454 3393 642 3451 Rhodanum
650 3390 749 3450 influit
760 3391 928 3449 incredibili
936 3390 1071 3454 lenitate,

191 3476 237 3534 ita
259 3481 294 3534 ut
318 3474 421 3546 oculis,
436 3474 467 3530 in
492 3479 593 3531 utram
615 3478 735 3548 partem
757 3471 839 3544 linat,
858 3470 988 3545 judicari
1010 3485 1072 3528 non
1141 3507 1143 3511 -
