2548 3774
164 290 226 355 128
432 302 479 350 na
504 302 625 350 sunno
651 302 825 350 caturco.

214 473 287 531 gum
310 454 503 530 disciplinam
526 453 623 511 efferri
645 452 750 524 velint,
767 470 863 528 neque
886 468 947 521 eos,
964 449 1014 526 qui
1036 449 1093 508 dis·

217 541 299 605 cunt,
312 535 422 592 litteris
436 533 565 591 confisos
579 533 680 590 urinus
691 533 840 590 memoriae
856 532 994 589 studere:
1016 529 1094 606 quod

217 617 278 674 fere
293 614 443 691 plerisque
458 614 575 680 accidit,
588 605 622 670 ui
636 613 776 688 praesidio
791 613 961 670 litterarum
971 610 1095 686 diligen·

217 695 292 752 tiam
317 695 348 750 in
371 693 569 770 perdiscendo
594 711 629 750 ac
651 693 827 750 memoriam
851 692 1015 748 remittant.
1058 691 1096 747 In

181 775 318 851 oprimis
337 773 394 832 hoc
410 772 516 830 volunt
537 774 727 848 persuadere,
743 790 804 830 non
824 771 945 828 interire
968 771 1094 840 animas,

214 855 268 912 sed
293 854 330 910 ab
346 853 413 910 aliis
435 859 505 928 post
527 858 655 910 mortem
678 853 807 910 transire
831 852 870 909 ad
891 851 984 924 alios;
1005 857 1095 925 atque

215 934 271 991 hoc
286 934 415 991 maxime
431 933 470 990 ad
485 933 628 990 virtutem
644 933 769 991 excitari
784 937 901 1008 putant,
917 936 1000 987 metu
1021 947 1097 987 mor-

213 1015 254 1071 tis
278 1013 424 1088 neglecto,
468 1013 569 1070 Multa
592 1019 739 1087 praterea
762 1013 798 1069 de
828 1011 976 1068 sideribus
1005 1017 1096 1085 atque

213 1111 315 1150 eorum
332 1098 425 1162 motu,
441 1093 478 1150 de
494 1093 598 1150 muudi
614 1111 649 1149 ae
664 1099 811 1150 terrarum
826 1090 1045 1166 magnitudine,
1058 1090 1096 1146 de

166 1173 199 1232 10
215 1190 315 1230 rerum
330 1179 447 1242 natura,
463 1173 500 1230 de
516 1172 640 1232 deorum
662 1172 879 1229 immortalium
894 1171 925 1227 vi
943 1189 978 1228 ac
999 1176 1096 1244 potes

213 1259 278 1310 tate
299 1252 459 1326 disputant
478 1259 511 1309 et
526 1252 681 1325 juventuti
703 1253 835 1310 tradunt.

257 1335 300 1390 15.
325 1332 466 1390 Alterum
494 1349 589 1406 genus
617 1337 665 1389 est
692 1333 834 1407 equitum.
880 1329 933 1400 Hi,
955 1347 1023 1386 cum
1048 1334 1097 1386 est

215 1429 288 1468 usus
313 1418 402 1487 atque
426 1412 548 1486 aliquod
571 1412 682 1468 bellum
705 1412 811 1469 incidit
827 1411 921 1486 (quod
944 1410 1002 1466 fere
1024 1416 1097 1466 ante

217 1492 346 1550 Caesaris
371 1492 536 1548 adventum
560 1493 722 1566 quotannis
748 1491 880 1549 accidere
902 1490 1027 1559 solebat,
1050 1489 1097 1545 uti

166 1572 199 1628 15
216 1577 269 1628 aut
283 1571 340 1646 ipsi
356 1572 480 1645 injurias
502 1571 648 1628 inferrent
662 1578 715 1629 aut
736 1572 839 1629 illatas
859 1570 1095 1646 propulsarent),

217 1668 321 1708 omnes
342 1651 371 1707 iu
394 1651 470 1708 bello
486 1658 662 1723 versantur3
684 1657 774 1726 atque
796 1668 898 1708 corum
920 1649 1096 1724 utquisque

216 1735 264 1788 est
279 1748 387 1805 genere
409 1731 561 1806 copiisque
584 1731 797 1806 amplissimus,
814 1731 857 1786 ita
876 1730 1022 1805 plurimos
1043 1728 1097 1785 cir-

216 1828 284 1867 cum
307 1829 339 1868 se
361 1811 516 1868 ambactos
530 1811 714 1886 clientesque
729 1807 852 1868 habent.
895 1809 984 1866 Hauc
1004 1826 1095 1864 uuam

217 1891 347 1964 gratiam
362 1891 587 1966 potentiamque
604 1897 759 1949 noverunt.

165 1971 201 2026 20
257 1972 300 2028 16.
325 1970 418 2027 Natio
441 1977 489 2027 est
510 1971 608 2028 omnis
631 1971 786 2029 Gallorum
810 1969 970 2027 admodum
993 1966 1096 2024 dedita

215 2049 413 2124 religionibus
435 2057 525 2125 atque
541 2051 578 2108 ob
600 2069 667 2107 caru
689 2068 823 2116 causam,
839 2049 976 2125 quisunt
997 2046 1096 2104 affecti

217 2129 406 2203 gravioribus
427 2131 539 2188 morbis
561 2131 671 2205 quique
700 2131 731 2187 in
759 2129 873 2205 proeliis
896 2128 1096 2204 periculisque

217 2215 385 2280 versantur,
402 2216 455 2266 aut
476 2227 529 2284 pro
555 2211 688 2268 victimis
710 2210 848 2266 homiues
870 2208 1029 2265 immolant
1044 2213 1097 2264 aut

217 2305 248 2345 se
264 2289 471 2346 immolaturos
486 2297 607 2360 vovent,
625 2290 869 2364 administrisque
892 2289 930 2345 ad
951 2306 988 2344 ea
1008 2287 1098 2343 sacri-

165 2368 201 2424 25
217 2367 282 2425 licia
296 2369 454 2426 druidibus
469 2375 611 2444 utuntur3
634 2370 722 2445 quod,
738 2387 791 2445 pro
807 2369 872 2425 vita
886 2367 1017 2424 hominis
1036 2366 1104 2424 uisi

217 2447 348 2504 hominis
364 2449 428 2505 vita
443 2449 595 2519 reddatur,
612 2467 670 2506 uon
691 2467 780 2525 posse
798 2449 885 2505 aliter
899 2448 1023 2505 deorum
1045 2447 1098 2502 iru-

218 2528 390 2585 mortalium
413 2546 523 2585 numen
551 2529 665 2604 placari
693 2529 890 2600 arbitrantur3
919 2527 1097 2602 publiceque

216 2608 351 2680 ejusdem
376 2608 495 2682 generis
525 2608 638 2666 habent
666 2609 806 2666 instituta
833 2607 988 2665 sacrificia.
1031 2606 1098 2664 Alii

217 2686 341 2743 immani
356 2688 565 2761 magnitudino
581 2689 743 2745 simulacra
753 2689 874 2756 habeut,
887 2704 1014 2762 quorum
1029 2703 1098 2742 eon-

166 2765 203 2822 30
219 2771 302 2822 texta
317 2766 480 2824 viminibus
502 2769 636 2826 membra
651 2769 730 2825 vivis
750 2767 921 2824 homiuibus
937 2765 1095 2840 complent,

219 2847 327 2920 quibus
349 2847 509 2917 succensis
525 2848 722 2906 circumventi
744 2847 865 2904 flamma
885 2847 1097 2904 exanimantur

219 2925 363 2984 homiues,
409 2925 563 3002 Supplicia
590 2945 702 2996 eorum,
730 2927 781 3001 qui
809 2927 840 2984 in
868 2927 948 2983 furto
978 2931 1031 2982 aut
1066 2925 1097 2983 iu

218 3005 376 3064 latrocinio
392 3013 445 3063 aut
459 3007 560 3082 aliqua
581 3008 672 3064 noxia
693 3007 755 3064 siut
772 3005 989 3081 comprehensi,
1005 3006 1098 3079 grati·

218 3102 270 3142 ora
293 3086 353 3142 diis
379 3085 599 3144 immortalibus
623 3105 690 3144 esse
712 3087 914 3158 arbitrentur;
942 3085 1004 3154 scd,
1027 3103 1098 3142 cunr

167 3164 202 3220 35
217 3165 282 3236 ejus
297 3166 417 3239 generis
431 3167 517 3241 copia
531 3166 638 3236 delicit,
651 3166 742 3223 etiam
758 3166 796 3223 ed
810 3165 1015 3223 innocentium
1030 3181 1098 3238 sup·

218 3244 307 3317 plicia
321 3245 514 3302 descendunt.

261 3325 304 3381 ll,
328 3323 427 3378 Deum
442 3324 571 3380 maxime
587 3323 770 3381 Mercurium
783 3325 902 3382 colunt:
925 3323 1013 3398 hujus
1025 3329 1097 3380 sunt

217 3399 345 3473 plurima
360 3401 527 3470 simulacra,
539 3402 618 3460 hune
634 3404 766 3460 omnium
781 3405 969 3461 inventorem
985 3402 1097 3460 artium

219 3477 326 3549 ierunt,
343 3479 422 3536 hune
437 3481 552 3536 viarum
568 3487 657 3556 atque
673 3483 813 3541 itinerum
832 3485 946 3554 ducem,
964 3483 1044 3540 hunc
1059 3483 1096 3540 ad
