2548 3774
207 281 265 348 116
344 341 354 362 ,
467 295 515 342 00
540 295 661 342 annno
688 295 861 342 uranico,

293 448 339 504 53.
363 445 488 502 Interim
510 445 548 503 od
570 444 739 503 Labienum
753 463 807 520 per
826 445 941 503 Remos
962 444 1129 503 incredibili

253 525 404 582 celeritate
419 523 456 582 de
468 525 594 583 victoria
605 525 733 583 Caesaris
748 526 829 582 fama
843 526 997 599 perfertur,
1010 531 1052 595 01,
1063 543 1129 582 cum

254 606 292 661 ab
308 603 440 663 hibernis
456 604 609 663 Ciceronis
624 605 708 661 milia
722 623 868 680 passuum
884 605 1003 662 abesset
1014 605 1131 662 circiter

253 685 422 759 sexaginta,
434 702 530 759 eoque
544 691 614 760 post
630 685 733 742 horam
749 702 858 742 nonam
874 685 935 741 diei
952 685 1055 742 Caesar
1067 702 1130 760 per·

222 765 395 833 dvenisset,
412 770 481 821 ante
503 765 632 821 mediam
654 771 772 822 noctem
789 765 826 821 ad
840 771 944 840 portas
963 770 1128 822 castrorum

252 844 365 901 clamor
392 845 527 918 oriretur,
549 861 608 918 quo
637 844 766 902 clamore
795 844 975 918 significatio
996 844 1129 901 victoria

253 923 475 998 gratulatioque
492 924 530 980 ab
546 924 652 980 Remis
673 923 810 982 Labieno
831 924 920 981 lieret.
965 923 1032 980 Hae
1048 924 1129 980 100ιο

252 1003 291 1060 ad
314 1003 456 1060 Treviros
478 1003 602 1077 perlata,
618 1002 855 1073 Indutiomarus,
872 1004 922 1078 qui
944 1008 1063 1077 postero
1080 1003 1129 1060 die

253 1089 353 1140 castra
381 1083 508 1140 Labieni
537 1100 711 1158 oppugnare
741 1084 924 1152 decreverat,
946 1089 1038 1140 noctu
1064 1100 1130 1156 pro-

202 1160 237 1218 10
253 1163 332 1236 fugit
347 1163 509 1236 copiasque
525 1179 628 1219 omnes
650 1162 681 1218 in
703 1162 843 1220 Treviros
860 1162 982 1220 reducit.
1027 1162 1130 1220 Caesar

253 1241 380 1298 Fabium
402 1259 469 1300 cum
492 1259 547 1298 sua
568 1242 685 1316 legione
706 1243 834 1300 remittit
855 1243 886 1299 in
908 1243 1040 1311 hiberna,
1063 1241 1128 1316 ipse

253 1339 320 1378 cum
337 1322 434 1379 tribus
456 1322 626 1396 legionibus
648 1322 759 1378 circum
782 1321 1025 1380 Samarobrivam
1039 1323 1129 1379 trinis

252 1400 386 1458 hibernis
410 1402 541 1459 hiemare
567 1401 741 1474 constituit;
770 1407 801 1458 et
824 1403 905 1477 quod
925 1402 1003 1459 tanti
1027 1407 1129 1458 motus

253 1480 358 1538 Callia
373 1483 560 1552 exstiterant,
576 1487 672 1539 totam
688 1480 816 1538 hiemem
832 1483 895 1556 ipse
911 1482 948 1538 ad
963 1482 1128 1539 exercitum

202 1560 371 1618 remanere
393 1561 534 1618 decrevit.
578 1561 658 1618 Nam
680 1562 730 1617 illo
752 1561 941 1618 incommodo
964 1561 1000 1618 de
1024 1560 1126 1618 Sabini

252 1648 348 1698 niorto
369 1642 492 1716 perlato,
508 1658 613 1697 omnes
634 1641 693 1696 foro
710 1641 816 1699 Galliae
831 1641 969 1698 civitates
991 1641 1026 1697 de
1048 1641 1127 1698 bello

252 1721 473 1789 consultabant,
486 1720 610 1776 nuncios
623 1720 850 1794 legationesque
864 1720 895 1776 in
907 1738 1011 1777 omnes
1025 1727 1127 1796 partes

251 1800 456 1870 dimittebant,
473 1805 503 1856 et
524 1800 595 1874 quid
617 1800 724 1874 reliqui
745 1800 864 1857 consilii
881 1806 1023 1874 caperent
1038 1807 1127 1875 atque

251 1880 330 1936 uude
352 1880 472 1936 initium
497 1879 567 1935 belli
591 1879 672 1935 ficret
693 1879 899 1952 explorabant,
922 1885 1128 1954 nocturnaque

200 1957 236 2012 20
251 1958 282 2014 in
305 1960 377 2016 locis
401 1959 528 2016 desertis
551 1959 677 2015 concilia
699 1957 859 2016 habebant.
903 1959 1008 2035 Neque
1032 1960 1128 2016 ullum

251 2038 311 2095 fere
326 2039 421 2096 totius
441 2038 549 2094 hiemis
563 2043 684 2112 tempus
700 2038 763 2094 0100
780 2039 982 2096 sollicitudine
999 2039 1128 2096 Caesaris

250 2117 429 2187 intercessit,
447 2118 519 2192 quin
534 2117 664 2192 aliquem
680 2118 716 2174 de
732 2118 864 2194 consiliis
880 2137 914 2176 ac
929 2125 1014 2176 motu
1029 2119 1128 2176 Callo-

250 2214 318 2254 rum
339 2198 482 2254 nuncium
504 2197 658 2271 acciperet.
703 2198 739 2253 In
761 2196 808 2253 his
830 2197 867 2253 ab
889 2197 984 2255 Lucio
1004 2197 1126 2268 Roscia,

248 2271 341 2350 ‘quem
364 2277 474 2351 legioni
496 2276 618 2332 deeimae
639 2277 736 2333 tertiae
757 2277 939 2351 praefecerat,
956 2278 1064 2335 certior
1080 2284 1127 2335 est

198 2352 235 2408 25
251 2356 357 2425 100100,
380 2372 508 2429 magnas
531 2355 687 2414 Gallorum
708 2358 810 2431 copias
830 2374 934 2414 earum
956 2358 1125 2427 civitatum,

251 2437 317 2509 000
339 2435 503 2492 Armoricae
525 2435 720 2510 appellantur,
744 2438 939 2514 oppugnandi
965 2438 1010 2493 001
1033 2455 1126 2494 00000

251 2515 435 2583 convenisse,
458 2533 553 2591 00000
583 2515 704 2588 longius
726 2515 809 2572 milia
832 2533 976 2591 passuum
1000 2523 1066 2574 octo
1089 2517 1126 2573 ab

251 2592 383 2651 hibernis
405 2595 468 2652 suis
490 2595 609 2664 afuisse,
626 2594 679 2651 scd
701 2595 810 2652 000010
833 2595 925 2653 011010
947 2596 983 2652 (10
999 2595 1126 2653 victoria

252 2673 381 2730 Caesaris
405 2675 589 2745 discessisse,
607 2675 681 2731 adeo
703 2681 737 2730 ut
752 2675 830 2748 fuga
846 2675 953 2732 similis
975 2676 1125 2734 discessus

197 2753 234 2808 110
251 2752 408 2810 videretur.

289 2835 334 2891 54.
357 2834 402 2890 At
418 2832 519 2890 Caesar
532 2833 718 2908 principibus
733 2835 874 2908 cujusque
890 2834 1025 2891 civitatis
1040 2835 1078 2892 ad
1093 2853 1126 2892 se

249 2913 391 2982 evocatis,
408 2913 484 2968 alias
504 2909 679 2982 territando,
696 2931 764 2968 cum
784 2931 814 2969 00
831 2914 915 2983 scire,
932 2931 997 2988 qua
1012 2913 1125 2984 fierent,

249 2992 451 3061 denunciaret,
468 2993 543 3049 alias
558 2989 752 3061 cohortando,
766 3011 909 3066 magnam
924 2999 1040 3067 partem
1057 2993 1127 3051 (lal-

248 3071 297 3127 liae
311 3072 342 3127 in
358 3072 450 3128 officio
465 3073 570 3128 tenuit.
614 3067 730 3128 Tamen
754 3071 897 3140 Senones,
913 3090 979 3146 000
994 3078 1041 3130 001
1055 3074 1127 3130 eivi-

197 3152 297 3208 35100
318 3149 349 3206 10
369 3151 476 3223 primis
491 3151 575 3206 firma
595 3157 625 3207 et
646 3169 764 3223 magnae
786 3151 864 3208 inter
880 3152 984 3210 Gallos
999 3153 1126 3210 auctori-

248 3229 331 3295 tatis,
362 3227 553 3296 Cavarinum,
582 3247 670 3303 quom
701 3230 803 3286 Caesar
831 3233 911 3305 apud
939 3249 992 3288 000
1020 3250 1125 3306 regem

248 3304 453 3373 constituerat,
482 3308 565 3377 cujus
594 3309 684 3364 frater
713 3309 901 3384 Moritasgus
930 3311 1063 3368 adventu
1093 3311 1125 3368 in

249 3383 379 3438 Galliam
398 3383 526 3440 Caesaris
548 3387 687 3460 cujusquo
710 3391 838 3460 majores
860 3408 986 3462 regnum
1009 3391 1126 3447 obtinu-

247 3466 341 3527 erant,
365 3461 529 3517 interlicere
551 3460 671 3535 publico
697 3466 826 3522 00001110
847 3470 956 3538 eonati,
980 3487 1047 3526 cum
1075 3469 1126 3528 ille
