2548 3774
490 285 603 363 niens
622 317 774 364 snxrus.
1047 304 1106 368 121

176 464 347 543 Menapios,
360 467 510 542 adjunctis
526 467 721 526 Cisrhenanis
736 467 875 525 omnibus
886 467 1053 540 Germanis,

176 563 244 604 esse
265 549 296 604 in
317 547 419 616 armis,
442 545 576 604 Senones
602 548 641 605 ad
669 547 849 623 imperatum
872 565 931 605 non
953 551 1054 606 venire

176 633 208 683 et
230 645 297 684 cum
312 625 498 685 Carnutibus
519 625 711 701 finitimisque
733 627 907 685 civitatibus
928 629 1055 686 consilia

177 707 440 776 communicares
460 705 593 763 Treviris
615 706 783 766 Germanos
798 707 910 765 crebris
931 707 1055 782 legatio-

176 785 266 842 nibus
281 785 455 860 sollicitari3
476 787 623 844 maturius
638 786 697 844 sibi
714 786 751 844 de
766 786 844 844 bello
859 787 1054 862 cogitandum
1088 791 1106 848 5

175 866 305 941 putavit.

213 948 239 1002 3.
255 945 364 1020 Itaque
373 944 506 1002 nondum
516 945 612 1002 hieme
622 946 765 1015 coniecta,
773 945 917 1020 proximis
926 951 1055 1021 quatuor

176 1025 291 1083 coactis
305 1025 475 1100 legionibus
491 1025 527 1082 de
542 1025 707 1100 improviso
728 1025 760 1082 in
779 1025 853 1082 fines
873 1025 1054 1084 Nerviorum

176 1105 340 1176 contendit,
356 1110 387 1162 et
406 1104 581 1180 priusquam
603 1105 646 1161 illi
668 1111 721 1162 aut
740 1105 899 1162 convenire
915 1113 968 1162 aut
989 1123 1054 1181 pro·

177 1184 280 1258 fugere
300 1191 432 1260 possent,
448 1202 559 1258 magno
580 1185 695 1260 pecoris
717 1190 807 1259 etque
827 1184 982 1242 hominum
1004 1204 1054 1242 nu·
1072 1191 1104 1248 lo

175 1281 258 1320 mero
280 1269 368 1338 capto
383 1269 472 1339 atque
486 1282 523 1320 ea
537 1265 638 1339 praeda
658 1264 804 1321 militibus
824 1281 967 1322 concessa
987 1283 1055 1322 vas-

176 1344 308 1418 tatisque
331 1344 420 1417 agris,
437 1344 468 1400 in
490 1344 675 1401 deditionem
697 1343 798 1401 venire
821 1350 910 1420 atque
932 1345 1053 1402 obsides

176 1423 237 1480 sibi
258 1424 330 1480 dare
345 1423 450 1498 coegit.
494 1423 539 1480 Eo
554 1424 688 1481 celeriter
707 1424 841 1481 confecto
856 1424 978 1498 negotio
993 1439 1053 1481 rur-

176 1519 229 1563 sus
258 1503 289 1558 in
314 1501 439 1559 hiberna
462 1503 596 1577 legiones
616 1503 742 1560 reduxit.
787 1503 923 1562 Concilio
946 1503 1052 1563 Galliae

176 1583 273 1656 primo
302 1600 379 1652 vere,
408 1583 454 1640 uti
487 1583 670 1652 instituerat,
699 1581 821 1653 indicto,
851 1600 918 1640 cnm
945 1583 1052 1658 reliqui
1070 1590 1104 1644 15

175 1667 284 1735 praeter
314 1660 456 1732 Senones,
480 1661 629 1719 Carnutes
659 1661 857 1738 Trevirosque
887 1663 1051 1732 venissent,

175 1741 299 1798 initium
319 1741 388 1798 belli
410 1759 444 1798 ac
465 1741 642 1800 defectionis
663 1741 719 1800 hoc
740 1759 807 1799 esse
829 1742 1003 1811 arbitratus,
1019 1750 1053 1799 ut

176 1821 278 1877 omnia
304 1827 485 1896 postponere
513 1822 673 1890 videretur,
704 1821 861 1878 concilium
897 1821 1052 1878 Lutetiam

177 1899 362 1957 Parisiorum
384 1901 535 1958 transfert.
581 1901 721 1959 Confines
736 1907 822 1958 erant
836 1900 867 1957 hi
883 1900 1052 1958 Senonibus

176 1979 391 2055 civitatemque
419 1986 540 2054 patrum
564 1981 708 2037 memoria
732 1981 963 2054 conjunxerant3
999 1981 1051 2038 sed
1068 1986 1104 2041 20

176 2059 214 2116 ab
236 2059 293 2116 hoc
320 2059 443 2117 consilio
472 2059 584 2116 afuisse
611 2060 868 2117 existimabantur.
924 2060 992 2118 Hac
1020 2077 1051 2118 re

175 2157 229 2214 pro
251 2145 400 2214 suggestu
420 2139 627 2214 pronunciata,
649 2139 753 2197 eodem
776 2139 907 2196 discum
930 2140 1053 2214 legioni-

175 2219 232 2276 bus
257 2220 288 2275 iu
314 2217 447 2276 Senones
469 2218 666 2294 proficiscitur
689 2219 867 2294 magnisque
892 2219 1051 2276 itineribus

175 2316 211 2355 eo
226 2299 373 2373 pervenit.

216 2382 242 2435 4.
267 2377 484 2452 Cognitoejus
505 2378 639 2435 adventu
659 2377 749 2448 Acco,
766 2378 816 2452 qui
837 2378 974 2454 princeps
988 2380 1051 2452 ejus
1067 2383 1103 2439 25

175 2457 293 2514 consilii
314 2458 420 2528 fuerat,
431 2458 518 2531 jubet
533 2457 563 2514 in
579 2457 691 2532 oppida
708 2458 931 2515 multitudinem
946 2476 1051 2515 convo·

175 2537 256 2611 nire,
278 2538 465 2608 conantibus,
480 2537 653 2613 priusquam
674 2537 704 2593 id
725 2537 799 2594 effici
815 2543 927 2612 posset,
945 2538 1050 2594 adesse

175 2617 334 2674 Romanos
348 2617 523 2690 nunciatnr;
544 2617 711 2674 necessario
733 2618 884 2674 sententia
900 2617 1052 2674 desistunt

175 2696 352 2772 legatosque
374 2696 553 2770 deprecandi
574 2714 665 2753 causa
681 2696 718 2752 ad
737 2695 886 2754 Caesarem
907 2698 1050 2770 mittunt;

176 2777 290 2834 adeunt
309 2793 361 2850 per
380 2775 508 2847 AEduoS,
524 2793 650 2850 quorum
672 2776 840 2850 antiquitus
855 2781 921 2833 erat
941 2777 973 2834 in
994 2776 1050 2834 fide
1066 2783 1102 2838 30

175 2857 293 2914 civitas.
344 2854 488 2912 Libenter
524 2855 628 2914 Caesar
659 2855 832 2930 petentibus
859 2855 970 2913 AEduis
998 2857 1051 2913 dat

174 2935 292 2992 veniam
326 2935 606 3009 excusationemque
642 2935 768 3010 accipit,
803 2935 883 3010 quod
911 2936 1050 3000 aestivum

174 3021 295 3090 tempus
316 3014 459 3071 instantis
486 3013 565 3084 belli,
587 3031 648 3071 non
672 3015 856 3089 quaestiouis,
881 3031 947 3072 esse
977 3015 1051 3071 arbi-

174 3095 320 3152 trabatur.
364 3093 527 3150 Obsidibus
546 3093 700 3169 imperatis
715 3100 843 3164 centum,
861 3093 916 3151 hos
937 3093 1049 3151 AEduis

173 3174 388 3231 custodiendos
410 3173 509 3230 tradit.
553 3173 668 3230 Eodem
694 3173 843 3232 Carnutes
859 3173 977 3248 legatos
1002 3174 1051 3230 ob·
1065 3176 1100 3232 35

174 3255 315 3328 sidesque
330 3253 464 3322 mittunt,
480 3253 527 3310 usi
539 3253 779 3328 deprecatoribus
794 3253 910 3323 Remis,
923 3269 1049 3327 quornm

173 3339 261 3391 erant
274 3334 306 3388 in
320 3332 476 3390 clientela:
498 3332 602 3389 eadem
617 3331 717 3388 ferunt
730 3348 883 3406 responsa.
927 3331 1050 3404 Peragit

175 3412 334 3472 concilium
350 3411 453 3471 Caesar
466 3411 641 3485 equitesque
656 3411 785 3482 imperat
798 3409 980 3466 civitatibus.

212 3495 240 3553 5.
264 3491 333 3549 Hae
357 3495 443 3566 parte
466 3490 572 3548 Calliss
595 3493 704 3562 pacata
728 3493 811 3544 totns
839 3491 870 3541 et
893 3491 994 3540 mente
1018 3486 1050 3537 et
