2524 3776
475 304 588 351 araur:
612 303 780 352 rasurus.
1055 289 1095 354 63

159 454 297 532 proxima
318 454 430 530 oppida
450 454 641 530 recipiebant
684 454 733 512 Ibi
755 472 786 512 sc
808 471 913 512 rursus
933 453 1040 514 iisdem

160 535 443 610 opportunitatibus
458 534 516 592 loci
531 534 739 600 defendebant.
783 534 859 592 Hac
873 552 909 592 co
925 535 1043 593 facilius

160 633 305 690 magnam
317 623 434 690 partem
444 615 560 672 aestatis
570 614 728 683 faciebant,
738 615 818 690 quod
827 619 937 672 nostrae
947 632 1041 673 naves

159 695 393 770 tempestatibus
415 695 644 768 detinebantur;
666 711 845 769 summaque
865 700 933 752 erat
953 702 1041 754 vasto

160 784 251 848 atque
273 779 377 849 aperto
399 774 484 843 mari,
500 774 621 848 magnis
642 774 774 844 aestibus,
791 774 868 832 raris
889 793 924 832 ac
944 793 1040 851 prope
1074 775 1092 832 5

160 854 252 911 nullis
267 853 413 929 portibus,
429 853 590 911 difficultas
604 853 780 928 navigandi.

202 935 246 992 13.
277 933 417 1012 Namque
445 933 579 1009 ipsorum
606 949 701 990 naves
735 934 774 991 ad
803 932 883 992 hunc
917 934 1041 992 modum

159 1012 246 1070 sactae
258 1020 441 1087 armataeque
457 1019 550 1071 erant.
589 1012 706 1071 Oariuae
722 1013 878 1089 aliquanto
893 1013 1041 1089 planiores

159 1111 251 1168 quam
266 1099 439 1150 nostrarum
455 1093 658 1168 naviumque
671 1093 789 1150 facilius
801 1093 881 1151 vada
893 1111 927 1151 ac
943 1094 1042 1152 deces-

159 1190 226 1230 sum
237 1179 329 1230 aestus
342 1173 476 1248 excipere
485 1180 624 1248 possent:
647 1190 741 1246 prorae
752 1173 915 1230 admodum
924 1181 1039 1246 erecta,
1059 1175 1093 1233 lb

160 1258 251 1328 atquc
266 1253 338 1310 item
354 1271 477 1328 puppes,
491 1253 530 1310 ad
552 1252 792 1327 magnitudinem
810 1251 953 1310 fluctuum
969 1260 1042 1310 tem·

98 1350 101 1354 ·
158 1338 371 1408 pestatumque
395 1333 645 1390 accommodatae:
675 1350 769 1389 naves
797 1337 869 1390 totae
894 1333 981 1390 factae
1002 1351 1040 1391 ex

159 1413 273 1484 robore,
282 1413 320 1470 ad
330 1413 469 1488 quamvis
482 1413 544 1469 vim
554 1418 586 1469 et
594 1412 807 1469 contumeliam
817 1413 1038 1486 perferendam:

158 1498 293 1549 transtra
316 1493 473 1569 pedalibus
495 1493 526 1548 in
549 1491 740 1549 altitudinem
764 1492 903 1550 trabibus
924 1492 1040 1553 confixa

158 1571 255 1628 clavis
274 1573 378 1630 ferreis
409 1572 498 1646 digiti
527 1572 644 1648 pollicis
673 1573 891 1630 crassitudine:
924 1589 1040 1630 ancora
1057 1573 1091 1632 lt

157 1670 210 1727 pro
225 1652 348 1709 funibus
358 1653 460 1709 ferreis
475 1651 591 1709 catenis
606 1651 763 1709 revincta:
778 1652 872 1727 pelles
888 1669 941 1728 pro
966 1652 1041 1710 velis

158 1732 308 1807 alutaeque
337 1733 469 1788 tenuiter
490 1731 641 1801 confectae,
670 1731 716 1788 ha
745 1732 810 1789 sive
839 1738 961 1808 propter
985 1731 1039 1788 lini

156 1811 293 1887 inopiam
315 1819 404 1886 atque
419 1814 483 1886 ejus
503 1829 578 1868 usus
599 1811 799 1882 inscientiam,
815 1812 879 1869 sive
898 1829 942 1885 eo,
958 1811 1039 1887 qrrod

156 1897 205 1949 ast
214 1891 316 1965 magis
326 1892 497 1960 verisimile,
508 1892 588 1966 quod
599 1897 702 1948 tantas
714 1896 912 1967 tempestates
924 1891 1039 1950 Oceani

155 1976 319 2046 tantosque
332 1971 463 2046 impetus
472 1977 631 2028 ventorum
647 1971 790 2028 sustineri
805 1989 839 2028 ac
850 1978 938 2028 tanta
948 1989 1038 2028 onera
1053 1971 1092 2029 20

156 2051 283 2108 navium
307 2051 370 2125 regi
392 2051 469 2108 velis
490 2068 550 2108 non
571 2051 647 2108 satis
668 2052 824 2109 commode
845 2069 935 2126 posse
964 2050 1040 2109 arbi-

155 2131 323 2188 trabantur.
361 2130 439 2188 Cum
455 2131 503 2187 his
518 2131 647 2188 naribus
662 2137 772 2188 nostrae
787 2131 876 2189 classi
891 2131 1038 2206 ejusmodi

156 2227 339 2285 congressus
353 2216 427 2281 erat,
444 2216 478 2267 ut
491 2228 553 2267 una
567 2211 720 2268 celeritate
735 2217 766 2268 et
783 2212 874 2286 pulsu
887 2228 1038 2269 remorum

155 2295 322 2366 praestaret,
338 2291 455 2366 reliqua
476 2307 528 2366 pro
551 2290 608 2349 loci
629 2296 747 2362 natura,
763 2308 816 2367 pro
831 2291 862 2348 vi
876 2295 1039 2366 tempesta

155 2379 221 2428 tum
244 2370 306 2428 illis
326 2377 429 2428 essent
444 2370 562 2447 aptiora
582 2378 613 2429 et
630 2371 918 2429 accommodatiora:
940 2389 1037 2446 neque
1053 2372 1088 2430 at

155 2452 235 2508 enim
258 2451 307 2508 his
327 2459 436 2508 nostrae
458 2456 556 2508 rostro
582 2468 688 2508 nocere
712 2457 871 2526 poteraut3
892 2457 980 2509 tanta
1004 2451 1036 2508 in

155 2532 194 2588 ii's
215 2537 283 2588 erat
298 2531 466 2588 firmitudo:
489 2548 585 2606 neque
600 2536 723 2606 propter
741 2532 933 2590 altitudinem
948 2531 1036 2588 facile

155 2612 250 2668 telum
267 2611 482 2684 adjiciebatur;
504 2617 535 2668 et
550 2612 656 2668 eadem
678 2612 714 2669 de
730 2629 822 2669 causa
844 2612 945 2668 minus
960 2628 1038 2668 com·

155 2691 243 2748 ruodo
269 2690 387 2764 copulis
412 2691 652 2748 continebantur.
708 2691 883 2749 Accedebat
907 2697 941 2748 ut
968 2708 1036 2749 cum

155 2771 261 2828 saevire
287 2778 396 2827 ventus
425 2772 567 2847 coepisset
591 2777 622 2828 ct
647 2789 679 2828 se
704 2778 795 2830 vento
817 2771 981 2843 dedissent,
1005 2777 1036 2828 et
1050 2775 1088 2831 30

154 2856 368 2926 tempestatem
395 2851 507 2907 ferrent
534 2851 652 2908 facilius
675 2852 759 2908 etin
782 2852 871 2910 vadis
892 2851 1037 2908 consiste-

155 2937 223 2987 rcnt
238 2930 335 2987 tutius
360 2936 391 2986 et
406 2930 443 2988 ab
458 2937 534 2988 aestu
556 2930 672 2994 relictae,
688 2931 763 2988 nihil
785 2949 859 2990 saxa
879 2936 910 2988 et
931 2937 1035 2989 cautes

155 3011 314 3068 timerent:
337 3027 464 3085 quarum
487 3028 587 3067 rerum
612 3011 747 3070 omnium
769 3011 882 3070 nostris
903 3012 1034 3070 navibus

155 3107 244 3147 casus
259 3096 345 3146 erant
358 3089 583 3148 extimescendi.

195 3172 239 3227 14.
266 3169 478 3246 Compluribus
499 3169 680 3246 expugnatis
702 3171 829 3246 oppidis
853 3170 963 3243 Oaesar,
981 3171 1032 3229 ubi
1048 3173 1086 3230 35

154 3249 303 3306 intellexit
317 3249 429 3306 frustra
449 3256 570 3307 tantum
591 3251 724 3307 laborem
746 3252 947 3326 somnusque
967 3251 1034 3309 hos·

154 3330 228 3386 tium
246 3330 351 3404 fugam
367 3329 464 3404 captis
480 3330 597 3406 oppidis
611 3330 734 3404 reprimi
759 3349 855 3407 neque
871 3331 916 3388 his
934 3331 1033 3388 noceri

154 3427 251 3484 posse,
267 3409 767 3484 statuitexspectaudumclassem.
812 3411 885 3484 Quae
901 3410 952 3477 ubi
967 3428 1033 3468 con·

155 3491 238 3548 veuit
276 3509 311 3547 ao
340 3489 470 3564 primum
500 3490 538 3547 ab
569 3489 708 3547 hostibus
736 3490 804 3548 visa
831 3496 887 3561 est,
917 3490 1033 3548 circiter
