2548 3774
312 803 390 886 ΒΕ
428 805 630 891 BELLO
672 807 977 893 GALLIGO.

541 1025 754 1066 -οοκζοο-

477 1164 683 1254 LIBER
722 1164 810 1252 Vl.

270 1353 294 1410 1.
317 1353 447 1412 Munrls
468 1355 505 1413 de
526 1355 627 1413 causis
649 1355 752 1414 Oaesar
766 1355 909 1428 majorem
926 1353 1031 1411 Galliae
1046 1373 1109 1412 mo·

228 1435 494 1509 turuexspeetans,
507 1453 560 1511 per
575 1435 713 1492 Marcum
726 1434 870 1503 Silanum,
885 1432 990 1491 Ouium
1004 1434 1108 1492 Autis-

227 1511 302 1567 tium
327 1513 490 1588 Reginum,
515 1514 617 1573 Titum
644 1515 780 1573 Sextium
804 1513 931 1586 legatos,
956 1513 1119 1588 delectum,

229 1588 339 1648 habere
361 1593 510 1651 instituit:
533 1594 620 1652 simul
643 1595 681 1651 ab
703 1593 796 1651 Gneio
819 1592 963 1666 Pompeio
983 1610 1108 1667 procon-

195 1669 293 1727 5sule
321 1673 404 1746 petit,
430 1673 571 1748 quoniam
597 1673 661 1748 ipse
686 1672 724 1730 ad
752 1672 856 1729 urbem
885 1689 952 1728 eum
980 1672 1107 1747 imperio

228 1749 396 1823 reipublicae
411 1770 503 1809 causa
516 1758 692 1822 remaneret,
704 1769 779 1828 quos
791 1769 830 1808 ex
842 1750 995 1826 Cisalpina
1007 1751 1107 1810 Gallia

228 1830 360 1888 consulis
381 1839 570 1890 sacramento
591 1833 771 1907 rogavisset,
788 1830 826 1888 ad
842 1831 930 1905 signa
944 1832 1106 1889 convenire

228 1909 310 1966 etad
327 1927 358 1966 se
373 1911 519 1986 proficisci
534 1912 662 1986 juberet;
683 1911 786 1985 magni
802 1911 946 1967 interesse
961 1911 1053 1968 etiam
1074 1912 1106 1970 iu

228 1988 372 2064 reliquum
395 1996 514 2066 tempus
535 1992 573 2049 ad
597 1992 766 2067 opinionem
790 1989 896 2048 Galliae
917 1991 1104 2062 existimans,

179 2066 212 2123 10
227 2072 330 2125 tantas
352 2070 447 2128 videri
470 2071 566 2129 Italiae
587 2071 754 2139 facultates,
771 2076 813 2138 ut,
827 2069 854 2124 si
876 2069 945 2143 quid
968 2075 1050 2128 esset
1073 2073 1104 2130 iu

227 2146 304 2205 bello
326 2148 499 2207 detrimenti
521 2156 685 2224 acceptum,
702 2167 761 2207 nou
782 2149 871 2206 modo
889 2149 919 2206 id
934 2149 1017 2206 brevi
1032 2156 1106 2207 tem·

227 2244 297 2301 pore
324 2230 470 2297 resarciri,
493 2231 659 2288 sedetiam
685 2229 849 2304 majoribus
878 2229 980 2302 augeri
1010 2230 1105 2305 copiis

226 2313 337 2381 posset.
381 2310 468 2382 Quod
490 2329 557 2367 cum
581 2311 745 2385 Pompeius
759 2315 790 2366 et
804 2308 973 2384 reipublieae
988 2315 1019 2366 et
1034 2309 1105 2366 ami·

227 2387 303 2444 citiae
325 2388 489 2459 tribuisset,
505 2390 641 2447 celeriter
660 2390 794 2447 confecto
815 2406 867 2464 per
882 2405 954 2445 suos
975 2388 1102 2458 delectu,

177 2465 211 2521 15
227 2465 322 2523 tribus
338 2475 408 2524 ante
422 2475 559 2527 exactam
575 2470 704 2526 hiemem
720 2475 750 2526 et
761 2468 936 2526 constitutis
950 2473 981 2525 et
996 2469 1103 2526 adduc·

225 2545 266 2602 tis
294 2546 464 2620 legionibus
492 2549 703 2625 duplicatoque
731 2565 834 2606 earum
860 2546 1026 2605 cohortium
1052 2566 1103 2604 nu-

227 2643 316 2694 mero,
332 2645 408 2702 quas
429 2646 496 2684 cum
519 2630 632 2703 Quinto
647 2628 764 2686 Titurio
787 2627 937 2696 amiserat,
953 2632 985 2684 et
1004 2626 1101 2684 celeri·

227 2710 288 2762 tate
303 2711 334 2762 et
349 2708 442 2782 copiis
456 2708 566 2779 decult,
582 2707 653 2785 quid
674 2707 776 2784 populi
797 2707 931 2764 Romani
945 2707 1099 2782 disciplina

226 2791 315 2860 atque
331 2803 402 2861 opes
415 2794 547 2861 possent.

173 2865 209 2923 ΞΟ
266 2868 291 2924 2.
315 2866 477 2924 Interfecto
498 2868 717 2935 Indutiomaro,
740 2871 773 2923 ut
793 2866 956 2934 docuimus,
979 2865 1016 2923 ad
1037 2867 1101 2939 ejus

224 2946 409 3022 propinquos
425 2965 443 3004 a
457 2947 590 3004 Treviris
605 2946 763 3022 imperium
775 2945 914 3004 defertur.
950 2946 999 3003 Illi
1014 2944 1102 3002 finiti-

224 3043 289 3083 mos
305 3027 472 3086 Germanos
494 3027 655 3085 sollicitare
676 3031 707 3083 et
721 3025 880 3100 pecuniam
894 3025 1026 3101 polliceri
1041 3042 1101 3083 nou

225 3106 394 3164 desistunt:
416 3125 482 3164 cum
499 3107 535 3163 ab
549 3107 694 3182 proximis
715 3106 874 3181 impetrare
891 3123 951 3162 non
966 3110 1099 3179 possent,

225 3185 382 3243 ulteriores
410 3192 537 3243 tentant.
580 3185 719 3244 Inventis
747 3185 899 3241 nonnullis
924 3183 1101 3242 civitatibus

172 3263 209 3319 25
228 3264 420 3338 jurejurando
448 3265 526 3321 inter
553 3281 585 3321 se
613 3261 798 3333 confirmant,
822 3264 1034 3338 obsidibusque
1063 3262 1100 3320 do

224 3344 351 3414 pecunia
363 3348 486 3400 cavent:
505 3342 714 3416 Ambiorigem
727 3343 782 3399 sibi
796 3343 939 3400 societate
951 3349 981 3400 et
990 3343 1100 3400 foedere

225 3419 400 3495 adjungunt.
444 3421 561 3492 Quibus
582 3421 672 3478 rebus
693 3423 824 3495 cognitis
840 3421 949 3492 Caesar,
966 3440 1033 3481 cum
1049 3439 1101 3478 un·

223 3497 312 3572 dique
339 3500 450 3557 bellum
478 3500 577 3572 parari
604 3500 728 3570 videret,
751 3499 889 3570 Nervios,
913 3502 1099 3573 Aduatucos,

896 3592 980 3655 (mo)
