2548 3774
172 272 233 336 144
441 288 489 336 nu
514 287 636 336 naono
661 289 836 338 onumen.

221 443 256 495 nt
269 438 301 496 in
317 424 375 496 fide*
388 444 539 496 maneant.
570 438 715 497 Celeriter
726 440 784 498 sibi
798 440 940 510 Senones,
953 439 1100 515 Parisios,

222 518 372 588 Pictones,
391 518 554 588 Cadurcos,
571 519 715 588 Turones,
733 520 889 592 Aulercos,
912 521 1100 594 Lemovices,

221 598 328 656 Andes
344 598 532 674 reliquosque
552 616 666 666 ornnes,
682 601 735 674 qui
758 599 912 658 Oceanum
935 602 1100 675 attingunt,

221 678 376 754 adjungit;
398 679 531 735 omniurn
547 695 695 736 consensu
717 680 755 737 ad
778 698 846 737 eum
863 681 996 738 defertur
1011 683 1100 757 impe·

187 758 307 816 5rium.
359 759 428 830 Qua
449 758 551 815 oblata
572 765 723 831 potestate
746 761 885 817 omnibus
907 760 954 818 his
974 761 1101 819 civitati·

220 836 277 895 bus
298 837 419 895 obsides
440 838 578 913 imperat,
595 844 708 895 certum
730 856 889 896 nnmerum
910 840 1041 898 militnm
1063 841 1100 900 ad

221 934 253 974 se
268 917 404 975 celeriter
419 917 526 975 adduci
539 917 633 992 jubet,
650 935 800 975 armorum
816 924 962 994 quantum
978 938 1099 996 quaeque

220 996 328 1055 civitas
344 997 425 1054 domi
437 998 576 1073 qnodque
589 1003 659 1055 ante
671 1003 791 1073 tempus
801 998 916 1068 efficiat,
929 999 1100 1060 constituit:

219 1076 252 1133 in
266 1078 374 1152 primis
388 1077 535 1152 equitatui
551 1078 662 1136 studet.
694 1077 826 1135 Snmmae
841 1078 1008 1149 diligentiae
1023 1097 1102 1136 snm-

170 1155 204 1215 10
219 1173 301 1214 mam
317 1157 436 1232 imperii
460 1157 653 1214 severitatem
678 1158 780 1229 addit3
801 1158 1012 1233 magnitudine
1034 1176 1102 1232 snp-

218 1236 298 1312 plicii
322 1237 498 1295 dubitantes
521 1237 620 1308 cogit:
644 1255 713 1294 nam
733 1238 844 1310 majore
868 1238 1028 1296 commisso
1053 1239 1102 1295 de·
1205 1299 1206 1302 Ἴ

219 1315 291 1374 licto
303 1317 369 1392 igni
385 1323 475 1392 atque
490 1317 632 1374 omnibus
646 1317 806 1374 tormentis
821 1323 925 1392 necat:
941 1318 1051 1376 leviore
1064 1318 1101 1376 de

220 1413 313 1454 cansa
336 1397 462 1454 auribus
485 1395 616 1454 desectis
640 1403 693 1454 aut
715 1396 845 1470 singulis
870 1397 989 1455 effossis
1006 1399 1100 1454 oculis

220 1475 341 1534 domum
358 1477 495 1545 remittit,
511 1482 546 1533 ut
560 1477 621 1532 sint
641 1476 764 1551 reliquis
780 1477 960 1534 documento
975 1483 1005 1535 et
1019 1496 1101 1552 mag·

169 1554 204 1612 15
220 1556 358 1614 nitndine
378 1574 474 1632 poenae
495 1561 683 1630 perterreant
704 1556 788 1614 alios.

261 1639 287 1694 5.
311 1636 372 1694 His
393 1636 550 1711 suppliciis
565 1635 702 1692 celeriter
717 1640 819 1693 coacto
835 1636 976 1705 exercitu,
993 1636 1102 1694 Lucte-

219 1715 298 1773 rium
325 1715 506 1784 Cadurcum,
533 1733 658 1772 summae
684 1714 837 1772 hominem
863 1715 1004 1779 andacia.
1032 1734 1100 1784 cum

218 1802 303 1871 parte
319 1796 473 1870 copiarum
488 1795 519 1851 in
534 1796 673 1852 Rutenos
688 1795 799 1851 mittit:
821 1794 931 1868 ipsein
946 1795 1101 1869 Bituriges

219 1875 427 1949 proficiscitur.
470 1875 545 1948 Ejus
570 1875 703 1932 adventu
728 1874 885 1946 Bituriges
910 1875 949 1932 ad
971 1873 1100 1946 AEduos,

169 1953 347 2029 eoquorum
375 1960 462 2013 crant
488 1955 520 2011 in
549 1954 615 2024 fide,
631 1954 751 2025 legatos
779 1953 905 2010 mittunt
932 1955 1101 2012 subsidium

219 2041 368 2109 rogatum,
385 2054 443 2110 quo
457 2034 575 2091 facilius
591 2033 725 2090 bostium
742 2033 844 2107 copias
866 2033 1015 2091 sustinere
1035 2053 1102 2110 pos-

220 2114 288 2173 sint.
331 2115 424 2172 AEdni
446 2114 483 2172 de
504 2113 628 2171 consilio
648 2113 827 2187 legatorum,
844 2130 920 2187 quos
942 2109 1043 2175 Oaesa'r
1064 2115 1101 2172 ad

220 2195 383 2252 exercitum
402 2194 572 2268 reliquerat,
588 2193 691 2268 copias
713 2193 868 2268 equitatus
889 2192 1102 2268 peditatusque

222 2269 360 2331 subsidio
375 2273 566 2346 Biturigibus
581 2272 717 2330 mittunt.
761 2271 907 2344 Quicum
931 2271 969 2329 ad
991 2271 1101 2330 flumen

169 2351 206 2408 25
223 2353 358 2428 Ligerim
374 2353 539 2422 venissent,
550 2353 630 2427 qnod
645 2351 800 2425 Bituriges
813 2351 850 2407 ab
859 2351 970 2408 AEduis
982 2351 1101 2421 dividit,

220 2451 333 2509 paucos
355 2433 420 2490 dies
441 2433 483 2489 ibi
504 2431 612 2490 morati
635 2449 731 2506 neque
753 2430 862 2487 flumen
883 2431 1014 2512 transire
1036 2433 1103 2490 ansi

221 2513 345 2570 domum
368 2517 567 2581 revertuntur,
590 2512 760 2586 legatisque
785 2510 898 2567 nostris
923 2512 1103 2569 renunciant

222 2610 254 2650 se
275 2592 448 2665 Biturigum
464 2591 618 2667 perfidiam
635 2590 749 2648 veritos
763 2589 931 2659 revertisse,
947 2591 1057 2664 quibus
1071 2591 1102 2649 id

105 2691 108 2696 ·
199 2677 207 2694 ⁸
221 2672 338 2730 consilii
353 2673 447 2729 fuisse
462 2670 666 2746 cognoverint,
682 2675 725 2737 ut,
742 2669 766 2725 si
783 2668 893 2725 flumen
907 2672 1101 2742 transissent,

169 2751 206 2810 80
222 2769 282 2809 nna
296 2757 432 2826 exparte
447 2751 521 2827 ipsi,
531 2751 626 2808 altera
642 2749 773 2806 Arverni
788 2766 820 2805 se
838 2749 1101 2808 circumsisterent.

222 2831 259 2889 ld
269 2850 343 2889 eane
353 2832 390 2888 de
401 2849 501 2899 causa,
513 2848 604 2905 quam
615 2829 725 2903 legatis
736 2829 981 2902 pronunciamnt,
992 2849 1031 2888 an
1039 2848 1103 2906 per*

222 2911 293 2968 fidia
307 2911 430 2969 adducti
447 2910 578 2975 fecerint,
595 2909 675 2983 qnod
690 2908 766 2965 nibil
788 2908 876 2965 nobis
898 2911 1026 2979 constat,
1041 2927 1102 2967 non

223 2991 345 3049 videtur
359 3009 413 3067 pro
427 2997 510 3048 certo
525 3006 591 3046 esse
606 2988 786 3064 ponendum.
830 2987 984 3062 Bituriges
999 3007 1102 3048 eorum

223 3071 358 3129 discessu
374 3070 477 3128 statim
493 3086 559 3126 curn
575 3067 722 3126 Arvernis
733 3069 910 3138 junguntur.

171 3149 208 3206 35
265 3155 289 3208 6.
313 3151 374 3206 His
398 3150 487 3204 rebus
510 3148 541 3203 in
567 3147 688 3205 Italiam
716 3145 828 3204 Oaesari
851 3147 1012 3218 nunciatis
1035 3165 1102 3206 eum

228 3231 292 3301 jam
307 3227 356 3284 ille
372 3228 502 3284 urbanas
522 3243 571 3282 res
587 3226 698 3282 virtute
716 3225 802 3283 Cneii
823 3226 960 3302 Pompeii
975 3244 1104 3285 commo-

224 3307 338 3362 diorem
360 3305 391 3361 in
413 3308 526 3360 statum
548 3304 723 3376 pervenisse
740 3304 932 3379 intelligeret,
949 3306 979 3363 in
997 3307 1105 3364 Trans·

226 3383 356 3458 alpinam
381 3381 511 3440 Galliam
532 3383 683 3455 profectus
704 3389 759 3441 est.
802 3383 848 3442 Εο
869 3403 938 3442 cum
960 3386 1104 3456 venisset,

224 3477 338 3533 magna
359 3459 532 3516 difficultate
554 3459 744 3531 afficiebatur,
761 3480 822 3536 qua
837 3463 955 3522 ratione
971 3467 1009 3524 ad
1026 3483 1106 3524 exer·
