2562 3770
465 313 579 362 treus
607 313 801 363 susurrans.
1034 302 1095 371 171

156 464 231 522 tetia
253 464 393 523 diximus.
438 463 642 542 Deprehensis
663 465 792 523 navibus
820 465 938 525 circiter
958 468 1044 544 quin·

156 541 303 619 quaginta
317 543 513 620 celeriterque
528 545 695 620 conjunctis
721 550 812 620 atque
833 563 869 604 eo
891 546 1040 606 militibus

156 623 276 698 injectis
291 631 322 682 et
336 624 379 681 rei
396 624 534 684 novitate
548 625 715 700 perterritis
730 624 899 700 oppidanis,
910 644 1039 702 quorum

3 691 4 700 ¹
102 717 104 722 ’
156 716 269 778 magna
282 711 431 780 parserat
446 705 484 763 ad
501 705 612 763 bellum
624 710 759 774 evocata,
770 705 835 762 sine
847 706 1039 766 contentione
1053 711 1056 717 '

155 784 267 858 oppido
289 785 412 859 potitur.
456 785 583 844 Refecto
604 791 704 861 ponte,
721 802 810 859 quem
832 787 1038 861 superioribus
1072 791 1090 850 5

153 863 261 921 diebus
284 864 389 922 hostes
413 864 607 934 recciderant,
627 865 792 922 exercitum
817 865 987 924 transducit
1007 873 1039 926 et

153 944 287 1001 secundo
314 943 435 1001 flumine
470 944 509 1001 ad
544 944 700 1002 Lutetiam
730 944 788 1002 iter
813 945 910 1003 facere
939 947 1036 1023 coepit.

154 1023 279 1094 Hostes,
296 1041 326 1080 re
348 1023 473 1098 cognita
494 1025 531 1081 ab
545 1024 591 1094 iis,
606 1023 657 1100 qni
674 1043 692 1082 a
707 1023 870 1083 Meloduno
885 1025 1035 1101 fugerant,

155 1101 311 1160 Lutetiam
327 1103 493 1161 incendunt
506 1111 672 1180 pontesque
693 1105 758 1178 ejus
780 1105 884 1180 oppidi
906 1106 1050 1165 rescindi·

153 1183 280 1256 jubent:
301 1183 359 1258 ipsi
380 1183 541 1260 prosectis
563 1184 672 1259 palude
695 1184 733 1242 ad
755 1183 837 1260 ripas
852 1183 998 1260 Sequanae
1018 1189 1087 1246 elo

151 1262 272 1336 regione
288 1262 419 1321 Lutetiae
434 1270 538 1322 contra
554 1263 681 1322 Labieni
696 1269 796 1321 eastra
810 1265 979 1324 considunt.

192 1345 239 1400 59.
262 1343 284 1400 J
287 1361 336 1400 am
359 1343 462 1402 Caesar
483 1362 501 1400 a
522 1344 675 1418 Gergovia
695 1344 872 1402 discessisse
895 1345 1036 1404 audieba-

152 1426 217 1495 tur3
235 1424 300 1496 jam
315 1423 352 1480 de
367 1423 538 1482 AEduorum
553 1422 719 1481 deiectione
734 1430 765 1480 et
780 1424 911 1481 secundo
927 1424 1033 1484 Gallim

152 1499 237 1560 motu
263 1519 397 1560 rnnrores
423 1502 632 1574 afferebantur,
657 1501 795 1578 Gallique
821 1503 852 1561 in
875 1504 1034 1581 colloquiis

152 1581 349 1640 interclusum
373 1582 480 1640 itincre
504 1589 535 1640 et
558 1581 664 1657 Ligeri
680 1581 831 1641 Cesaram
854 1583 956 1660 inopia
976 1585 1034 1643 fru·
1049 1587 1083 1645 15

151 1660 247 1722 menti
262 1669 399 1719 coactum
421 1662 453 1720 iu
471 1663 658 1740 provinciam
673 1664 865 1722 contendisse
880 1664 1034 1722 confirma·

151 1741 234 1801 bant.
286 1742 441 1800 Bellovaci
464 1747 565 1812 autem
588 1743 754 1801 defectione
775 1742 943 1801 AEdnornm
966 1761 1035 1819 cog·

151 1822 224 1893 nita,
242 1822 294 1898 qui
316 1827 386 1879 ante
407 1828 495 1881 erant
510 1840 564 1899 per
584 1841 616 1880 se
638 1822 782 1894 iuddciae,
799 1840 908 1889 manus
924 1841 1032 1898 cogere

151 1909 243 1977 atque
260 1909 360 1977 aperte
374 1903 487 1960 bellum
501 1921 605 1979 parare
619 1908 782 1978 coeperunt.
826 1902 904 1960 Tum
926 1902 1033 1962 Labie·

150 1998 208 2039 nns
219 1988 307 2040 tanta
321 1999 421 2039 rerum
437 1983 672 2041 commutatione
684 1982 774 2056 longe
786 1981 867 2054 aliud
880 1982 936 2039 sibi
950 1983 1032 2058 capi·
1047 1987 1085 2044 20

149 2062 262 2119 endum
277 2062 443 2132 consilium,
455 2057 545 2138 atque
561 2066 652 2120 antea
666 2067 811 2131 senserat,
822 2057 1030 2138 intelligebat3

151 2157 246 2218 neque
264 2143 338 2217 jam,
359 2148 394 2200 ut
416 2142 527 2221 aliquid
551 2142 719 2218 acquireret
739 2142 902 2216 proelioque
926 2140 1030 2200 hostes

150 2221 320 2292 lacesseret,
336 2223 389 2280 sed
411 2228 445 2278 ut
464 2222 644 2281 incolumem
660 2221 823 2280 exercitum
838 2222 1031 2295 Agendicum

151 2301 313 2372 reduceret,
330 2302 492 2376 cogitabat.
537 2301 676 2376 Namque
692 2301 787 2358 altera
807 2318 845 2358 ex
865 2306 950 2377 parte
965 2302 1032 2359 Bel·

150 2380 257 2453 lovaci,
274 2399 340 2457 quae
355 2381 465 2438 civitas
486 2381 517 2438 in
533 2381 633 2440 Gallia
648 2381 812 2438 maximam
828 2380 920 2438 babet
936 2382 1031 2456 opiui-
1045 2383 1082 2440 25

150 2478 238 2518 onem
273 2461 405 2530 virtutis,
434 2461 606 2533 instabant;
641 2460 767 2518 alteram
802 2459 1028 2536 Camulogenus

150 2548 258 2616 parato
268 2546 358 2616 atque
369 2541 515 2598 instructo
527 2539 658 2598 exercitu
667 2540 804 2597 tenebat:
819 2547 885 2597 tum
895 2541 1029 2616 legiones

150 2639 168 2678 a
182 2621 323 2695 pracsidio
335 2625 425 2695 atque
437 2619 660 2694 impedimentis
672 2619 851 2677 interclusas
862 2621 1028 2678 maximum

149 2699 260 2757 flumen
275 2700 448 2758 distinebat.
493 2700 599 2757 Tantis
616 2700 717 2756 subito
731 2699 960 2782 difficultatibus
979 2701 1029 2757 ob·

150 2780 240 2854 jectis
256 2781 294 2838 ab
310 2780 403 2837 animi
419 2780 529 2837 virtute
545 2779 688 2837 auxilium
703 2779 866 2854 petendum
881 2779 1012 2838 videbat.
1042 2783 1080 2839 30

190 2863 236 2918 60.
259 2859 368 2935 Itaque
390 2860 446 2916 sub
467 2876 624 2935 vesperum
647 2859 771 2916 consilio
793 2866 967 2928 convocate,
983 2877 1029 2917 co-

150 2938 298 3010 hortatus,
315 2946 348 2997 ut
368 2957 412 3009 ea,
427 2956 492 3014 quac
507 2939 695 3013 imperasset,
711 2938 872 3012 diligenter
886 2939 1028 2996 industri-

148 3014 224 3094 eque
235 3019 489 3087 administrarent,
501 3028 605 3088 naves,
615 3036 692 3094 quas
708 3037 725 3075 a
741 3017 905 3076 Melodnuo
917 3019 1028 3076 dedux-

148 3106 223 3167 erat,
239 3098 377 3175 singulas
391 3098 544 3175 equitibus
559 3098 708 3156 Romanis
723 3097 868 3167 attribuit,
884 3103 916 3155 et
929 3099 1028 3173 prima

149 3180 286 3238 conlecta
300 3179 406 3254 vigilia
420 3185 550 3255 quatuor
565 3178 648 3235 milia
668 3194 813 3252 passuum
829 3177 959 3235 secundo
974 3177 1025 3234 llu-
1040 3178 1076 3236 35

149 3260 228 3317 mine
257 3260 378 3317 silentio
399 3259 541 3334 progredi
564 3257 663 3333 ibique
686 3275 718 3314 se
740 3257 908 3331 exspectari
931 3258 1024 3332 jubet.

150 3340 290 3414 Quinque
312 3339 459 3408 cobortes,
475 3356 550 3414 quas
571 3337 694 3395 minime
712 3335 813 3393 firmas
834 3337 872 3393 ad
887 3336 1027 3394 dimican-

150 3419 222 3475 dum
250 3437 318 3478 csse
344 3419 547 3486 existimabat,
573 3417 681 3474 castris
704 3415 845 3491 praesidio
870 3416 1026 3490 relinquit3

151 3499 281 3575 quinque
300 3499 435 3573 ejusdem
457 3495 585 3573 legionis
607 3495 738 3572 reliquas
758 3495 795 3553 de
817 3495 917 3552 media
939 3500 1027 3551 nocte
