2562 3770
160 281 224 350 172
429 295 476 344 nn
500 296 623 345 annno
648 297 824 347 0111100.

207 467 275 508 cnm
291 447 432 506 omnibus
446 447 671 524 impedimentis
692 448 820 508 adverso
836 447 958 508 flumine
978 467 1094 526 magno

206 529 341 586 tumultu
356 527 502 603 proticisci
518 528 655 603 imperat.
688 527 847 604 Conquirit
861 529 955 587 etiam
970 530 1091 589 lintres:

207 607 263 666 1100
278 625 389 682 magno
401 608 504 665 sonitu
518 625 667 665 remorum
682 608 825 666 incitatas
839 609 870 666 in
886 609 1013 668 eandem
1026 628 1092 686 par·

206 688 385 746 tansmittit.
428 687 500 762 Ipse
521 695 592 763 post
611 688 703 764 paulo
725 689 847 746 silentio
863 707 1007 764 egressus
1021 708 1091 747 cum

164 769 190 827 ¹5
206 768 303 826 trihus
319 768 490 844 legionibus
504 785 574 825 eum
588 767 688 825 locum
703 768 788 850 petit,
799 786 859 844 quo
870 787 965 826 naves
980 770 1091 846 appelli

204 849 347 924 jusserat.

246 931 291 986 61.
314 928 442 985 Eccum
463 932 547 984 esset
564 933 702 998 ventum,
714 927 923 1003 exploratores
943 927 1089 1001 hostium,

205 1015 240 1066 nt
254 1008 336 1065 omni
352 1006 484 1065 fluminis
505 1013 591 1083 parte
612 1013 700 1066 erant
719 1008 869 1082 dispositi,
885 1008 1089 1082 inopinantes,

205 1088 285 1164 quod
301 1105 413 1162 magna
428 1087 529 1145 subito
540 1092 606 1144 erat
620 1093 723 1144 coorta
734 1093 908 1163 tempestas,
924 1088 962 1146 ab
977 1089 1090 1146 nostris

155 1170 190 1228 10
206 1168 436 1244 opprimuntur:
458 1167 608 1225 exercitus
622 1167 844 1243 equitatusque,
859 1168 1012 1244 equitibus
1027 1169 1090 1226 Ro·

204 1248 303 1306 manis
319 1247 608 1317 administrantibus
624 1264 700 1322 quos
721 1247 747 1304 ei
763 1248 888 1322 negotio
904 1249 1086 1324 prefecerat,

206 1328 342 1386 celeriter
353 1327 578 1386 transmittitur,
616 1327 686 1385 Uno
701 1327 762 1384 lere
772 1333 907 1402 tempore
919 1329 975 1385 snb
990 1327 1088 1386 lucem

205 1407 345 1466 hostibus
367 1409 526 1466 nunciatur
545 1407 576 1464 in
604 1406 715 1464 castris
743 1407 951 1466 Romanorum
978 1415 1089 1483 praeter

204 1488 453 1546 consuetudinem
477 1486 655 1545 tumultuari
680 1492 712 1544 et
738 1505 883 1562 magnum
907 1488 950 1545 110
976 1506 1087 1563 agmen

153 1573 189 1629 15
205 1569 333 1626 adverso
362 1567 491 1637 flumine,
520 1567 712 1642 sonitumque
739 1584 889 1625 remorum
918 1566 950 1626 in
978 1569 1087 1626 eadem

203 1655 289 1724 parte
304 1647 439 1706 exaudiri
461 1652 492 1704 et
506 1647 596 1723 paulo
617 1647 696 1704 infra
717 1647 829 1705 milites
847 1648 976 1706 navibus
991 1656 1088 1707 trans·

204 1729 325 1804 portari.
370 1727 485 1800 Quibus
507 1727 597 1784 rebus
619 1727 742 1797 auditis,
765 1727 845 1803 quod
869 1727 1089 1788 existimabant

204 1808 301 1870 tribus
322 1807 397 1865 locis
417 1807 546 1864 transire
568 1807 702 1881 legiones
734 1812 825 1883 atque
846 1825 950 1865 omnes
973 1816 1088 1884 pertur-

204 1888 293 1945 batos
308 1888 474 1946 delectione
488 1885 659 1945 AEduornnr
678 1887 781 1960 fugam
796 1904 910 1962 parare,
927 1905 998 1944 suas
1013 1907 1087 1964 qno·

152 1971 189 2028 10
204 1985 260 2043 que
282 1969 382 2043 copias
404 1968 436 2023 in
451 1974 512 2024 tres
532 1974 635 2042 partes
649 1966 877 2024 distribuerunt.
919 1966 1000 2025 Nam
1013 1985 1087 2045 prae·

204 2048 282 2105 sidio
309 2067 326 2105 e
351 2047 671 2122 regionecastrornm'
690 2046 795 2104 1011010
819 2054 851 2105 01
873 2065 969 2122 parva
992 2066 1087 2114 manu

204 2127 401 2185 Molodunum
414 2143 518 2184 versus
533 2127 635 2196 missa,
648 2142 713 2202 quae
729 2132 849 2184 tantum
863 2121 1083 2202 progrediatur,

202 2213 349 2282 quantum
366 2225 460 2264 naves
475 2207 701 2283 processissent,
716 2206 848 2282 reliquas
863 2208 964 2282 copias
979 2215 1087 2267 contra

204 2287 373 2345 Labienum
388 2287 545 2344 duxerunt.

150 2371 187 2428 25
245 2371 290 2426 62.
313 2368 418 2425 Prima
432 2367 497 2424 luce
512 2372 544 2424 et
558 2365 654 2423 nostri
665 2383 770 2424 omnes
783 2371 871 2424 erant
881 2369 1084 2443 transportati

200 2454 234 2505 'et
250 2447 383 2505 bostium
406 2448 485 2506 acies
506 2446 689 2504 cernebatur.
734 2446 888 2504 Labienus
902 2447 1016 2505 milites
1036 2467 1086 2507 co-

163 2562 168 2573 ·
202 2527 350 2596 hortatae,
366 2533 400 2584 ut
421 2545 482 2584 suae
503 2526 637 2602 pristinae
653 2525 774 2584 virtutis
795 2532 826 2583 et
840 2532 888 2584 tot
902 2527 1086 2586 secundissi-

201 2626 318 2665 morum
327 2607 501 2683 proeliorum
513 2606 677 2663 retinerent
686 2607 859 2664 memoriam
881 2614 971 2682 atque
982 2608 1085 2684 ipsum

203 2687 363 2756 Caesarem,
390 2689 473 2761 cujus
502 2683 594 2744 ductu
623 2703 829 2760 saepenumero
854 2685 958 2744 hostes
981 2706 1088 2762 super-¹

149 2769 186 2826 30
203 2773 315 2838 assent,
331 2773 508 2843 praesentcm
531 2766 637 2823 adesse
655 2766 872 2835 existimarent,
889 2766 943 2825 dat
957 2768 1085 2842 signum

200 2848 307 2924 proelii.
351 2847 454 2905 Primo
475 2863 622 2904 concursu
644 2846 682 2903 ab
702 2846 807 2903 dextro
828 2864 929 2916 cornu,
946 2847 995 2905 ubi
1017 2866 1085 2925 sep-

201 2928 278 2985 tima
301 2927 383 3002 legio
407 2927 596 2996 constiterat,
623 2925 726 2982 hostes
755 2925 909 3001 pelluntur
937 2932 1028 3002 atque
1049 2929 1084 2990 in

201 3011 305 3082 fugam
326 3006 540 3080 conjiciuntur;
563 3006 601 3063 ab
623 3005 755 3076 sinistre,
779 3022 868 3082 quem
889 3006 988 3064 locum
1010 3008 1084 3066 duo·

201 3087 318 3144 decima
342 3087 422 3160 legio
447 3087 578 3156 tenebat,
602 3104 669 3143 cum
691 3086 781 3162 primi
804 3085 924 3144 ordines
946 3087 1083 3149 hostium

150 3169 185 3224 35
201 3167 336 3222 transfixi
357 3167 428 3239 pilis
449 3166 659 3236 concidissent,
683 3171 785 3223 tamen
808 3166 950 3224 acerrime
971 3169 1081 3244 reliqui

200 3244 392 3313 resistebant,
409 3262 463 3300 nec
483 3245 792 3320 dabat'suspicionem
814 3246 892 3321 fugae
907 3249 1080 3323 quisquam.

200 3321 270 3394 Ipse
291 3322 353 3378 dux
374 3320 507 3379 hostium
533 3323 760 3399 Camulogenus
785 3326 849 3384 suis
869 3327 975 3385 aderat
989 3337 1081 3404 atque

198 3417 251 3456 eos
278 3398 502 3460 cohortabatur.
545 3404 665 3462 Incerto
690 3405 784 3476 etiam
807 3424 888 3464 nunc
914 3408 998 3466 exitu
1022 3409 1083 3468 vic·

199 3478 293 3548 toria,
309 3495 377 3538 cum
400 3481 535 3554 septime
554 3482 686 3557 legionis
707 3485 835 3544 tribunis
849 3491 939 3554 ,esset
959 3489 1082 3568 nuncia,
