2548 3774
201 269 279 335 ·148
492 285 539 333 nn
563 278 683 333 nunno
708 283 883 333 oanmoo.

267 437 348 494 tione
365 435 522 496 Gallorum
537 435 609 494 novi
631 435 744 512 aliquid
766 435 859 493 abiis
879 434 947 492 iniri
968 435 1086 494 consilii
1108 435 1149 494 in·

267 517 465 588 teliexissent,
490 515 600 592 gladiis
623 515 776 573 destrictis
798 521 903 591 portas
925 525 1149 591 occupaverunt

266 614 397 672 suosque
412 615 517 655 omnes
532 596 701 654 incolumes
715 602 902 671 receperunt.

308 679 352 734 13.
377 676 482 735 Caesar
501 694 539 735 ex
559 676 668 734 castris
683 676 853 752 equitatum
868 675 956 733 educi
973 675 1061 749 jubet
1073 693 1149 751 proe-

233 755 400 831 otiumque
415 763 552 832 equestre
568 756 750 815 committit:
770 756 980 814 laborantibus
997 757 1061 829 jam
1082 756 1146 812 suis

265 833 434 893 Germanos
455 837 571 912 equites
592 837 711 894 circiter
725 837 964 912 quadringentos
985 835 1146 905 submittit,

263 932 339 989 quos
355 915 393 972 ab
408 915 494 972 initio
509 933 611 973 secum
626 915 736 974 habere
751 916 935 974 instituerat.
965 913 1080 972 Eorum
1095 914 1149 971 im·

262 1001 367 1068 petum
378 995 458 1054 Galli
474 996 621 1053 sustinere
636 1013 696 1053 non
710 1001 882 1071 potuerunt,
894 1001 984 1069 atque
999 993 1029 1051 in
1041 993 1147 1068 sugam

262 1075 388 1148 conjecti
421 1075 525 1132 multis
551 1076 671 1133 amissis
696 1093 728 1133 se
754 1077 793 1133 ad
818 1092 928 1150 agmen
952 1080 1146 1147 receperunt:

212 1153 247 1211 10
263 1154 372 1228 quibus
387 1153 555 1230 profligatis
569 1173 675 1212 rursus
689 1155 834 1231 oppidani
848 1153 1000 1229 perterriti
1013 1171 1147 1228 compre-

262 1232 374 1291 hensos
388 1251 449 1303 eoS,
465 1252 592 1310 quorum
609 1252 700 1309 opera
713 1235 830 1310 piebem
846 1234 1029 1291 concitatam
1045 1233 1146 1290 existi·

262 1314 396 1384 mebant,
410 1315 447 1370 ad
465 1315 615 1372 Caesarem
630 1314 834 1390 perduxerunt
848 1331 972 1389 seseque
987 1313 1015 1370 ei
1026 1313 1146 1371 dedide·

261 1399 339 1450 runt.
387 1394 505 1467 Quibus
529 1395 620 1451 rebus
645 1394 789 1452 confectis
814 1394 917 1453 Oaesar
939 1393 977 1450 ad
999 1393 1145 1468 oppidum

262 1472 436 1542 Avaricum,
447 1473 527 1548 quod
541 1481 608 1531 erat
621 1474 786 1530 maximum
801 1473 1099 1547 munitissimumque
1113 1473 1146 1530 in

212 1551 245 1609 15
261 1551 368 1610 finibus
396 1553 570 1628 Biturigum
600 1560 690 1629 atque
714 1553 780 1628 agri
804 1553 988 1610 fertilissima
1012 1553 1143 1626 regione,

261 1634 413 1707 profectus
428 1639 494 1707 est;
515 1633 595 1708 quod
611 1652 647 1691 eo
662 1635 771 1710 oppido
788 1639 907 1709 recepto
925 1631 1079 1690 civitatem
1095 1633 1146 1690 Bi-

262 1713 395 1787 turigum
412 1729 443 1770 se
459 1713 490 1769 in
504 1720 689 1789 potestatem
703 1714 894 1784 redacturum
908 1711 1085 1770 confidebat.

302 1795 346 1850 14.
371 1792 603 1868 Vercingetorix
624 1798 671 1851 tot
684 1794 836 1850 continuis
857 1792 1057 1850 incommodis
1072 1791 1144 1849 Vel-

262 1871 437 1943 launoduni,
452 1873 578 1944 Genabi,
592 1873 621 1930 N
624 1873 768 1931 ovioduni
783 1872 922 1948 acceptis,
936 1889 1007 1928 suos
1021 1872 1060 1930 ad
1075 1889 1144 1929 con·

208 1952 245 2008 20
260 1953 361 2009 cilium
376 1958 530 2010 convocat.
574 1953 672 2011 Docet
685 1952 775 2028 longe
790 1953 850 2010 alia
864 1952 980 2009 ratione
1001 1969 1067 2008 esso
1083 1951 1144 2009 bel·

260 2032 321 2089 ium
332 2032 506 2106 gerandum,
518 2037 608 2108 atque
621 2039 711 2090 antea
722 2033 762 2090 sit
774 2037 911 2108 gestum:
927 2031 1067 2088 omnibus
1081 2049 1144 2088 mo·

259 2112 306 2169 dis
322 2112 390 2169 huic
406 2113 447 2169 rei
463 2112 656 2184 studendum,
669 2118 703 2170 ut
716 2112 909 2187 pabulatione
924 2119 955 2168 et
969 2117 1141 2168 commeatu

258 2192 390 2248 Romani
407 2192 637 2267 prohibeantur:
660 2193 691 2250 id
712 2211 779 2250 esse
795 2193 891 2262 facile,
907 2190 988 2266 quod
1003 2190 1141 2266 equitatu

259 2271 317 2345 ipsi
339 2273 493 2336 abundent
524 2277 555 2329 et
576 2273 655 2347 quod
678 2273 749 2330 anni
769 2279 903 2347 tempore
924 2270 1141 2344 sublevantum

206 2347 243 2404 25
258 2351 402 2425 pabulum
432 2351 526 2408 secari
557 2369 617 2408 non
649 2370 758 2427 posse3
787 2351 956 2410 necessario
987 2351 1141 2426 dispersos

259 2429 362 2487 hostes
384 2449 421 2488 ex
443 2431 577 2490 aedificiis
599 2437 720 2507 petere3
743 2433 798 2490 hos
820 2449 923 2489 omnes
945 2431 1080 2506 quotidie
1102 2431 1141 2488 ab

258 2510 411 2584 equitibus
426 2511 519 2568 deleri
540 2529 637 2587 posse.
683 2513 832 2570 Praeteree
853 2511 961 2569 salutis
983 2529 1075 2568 carrsa
1096 2511 1139 2568 rei

259 2589 418 2647 familiaris
433 2592 591 2648 commoda
605 2592 804 2666 negligenda3
816 2592 899 2648 vicos
912 2595 1002 2665 atquo
1012 2590 1139 2648 aedificia

259 2668 378 2727 incendi
394 2677 531 2745 oportere
547 2671 603 2730 hoc
618 2672 716 2747 spatio
731 2687 963 2748 quoqueversus,
974 2687 1033 2744 quo
1046 2670 1139 2745 pabu-

205 2751 243 2810 80
257 2748 339 2807 landi
361 2767 453 2807 causa
477 2751 560 2808 adire
585 2767 673 2824 posse
695 2751 863 2808 videantur.
916 2749 1036 2806 Harum
1061 2749 1138 2822 ipsis

257 2844 356 2886 rerum
382 2830 500 2904 copiam
523 2835 690 2905 suppetere,
714 2830 802 2904 quod,
825 2846 949 2904 quorum
974 2829 1004 2884 in
1028 2828 1137 2886 finibus

257 2907 368 2965 bellurn
390 2916 521 2982 geratur,
537 2926 641 2966 eorum
663 2910 772 2983 opibus
793 2909 1005 2980 subleventur3
1026 2907 1138 2964 Roma·

250 2999 306 3038 nos
322 2989 375 3039 aut
388 2985 521 3060 inopiam
538 3001 598 3040 non
610 2983 724 3041 laturos
737 2990 790 3041 aut
801 3001 911 3058 magno
923 3002 990 3042 cum
1003 2985 1139 3059 periculo

249 3061 371 3136 longius
396 3065 435 3120 ab
460 3063 569 3121 castris
594 3080 827 3137 progressuros;
859 3082 956 3138 neque
981 3064 1137 3137 interesse,

197 3142 234 3198 35
252 3141 372 3212 ipsosne
396 3143 579 3199 interficiant
601 3143 865 3218 impedimentisne
886 3150 1009 3215 exuant,
1026 3146 1139 3219 quibus

250 3219 372 3276 amissis
392 3221 502 3276 bellum
526 3221 589 3294 geri
612 3240 672 3279 non
697 3224 803 3298 possit.
854 3223 1004 3280 Praeterea
1025 3225 1138 3299 oppida

249 3295 368 3354 incendi
379 3306 522 3372 oportere,
536 3318 602 3374 quae
616 3319 675 3358 non
687 3303 855 3359 munitione
867 3309 898 3360 et
909 3303 967 3361 loci
979 3311 1090 3361 natura
1098 3306 1137 3363 ab

251 3376 333 3430 omui
348 3377 411 3431 sint
424 3378 555 3451 periculo
570 3385 647 3449 tuta,
663 3399 721 3438 neu
742 3382 805 3438 suis
827 3383 888 3440 sint
910 3383 948 3440 ad
970 3385 1138 3442 detractan-

251 3452 321 3509 dam
344 3455 484 3512 miiitiam
508 3460 705 3536 receptacula,
723 3479 781 3519 neu
806 3462 956 3520 Romanis
980 3464 1138 3540 proposita
