2562 3770
176 297 237 366 182
446 310 493 360 nn
517 309 637 358 sunno
663 304 839 360 caturco.

228 461 417 522 Cimbrorum
438 461 670 536 Teutonumque
692 461 844 535 fecerunt3
871 459 976 537 quiin
997 461 1110 540 oppida

228 543 375 618 compulsi
390 559 426 599 ac
439 541 531 599 simili
546 541 649 615 iuopia
664 541 790 611 subacti,
801 557 904 598 eorum
919 544 1105 618 corporibus,

227 622 278 698 qui
292 629 381 680 {atate
396 620 521 679 inutiles
536 621 574 677 ad
591 619 702 677 bellurn
717 621 908 690 videbantur,
925 622 1022 678 vitam
1036 622 1108 681 tole-

226 707 371 759 raverunt
391 717 487 774 neque
509 717 541 758 se
560 699 701 757 hostibus
714 700 912 758 tradiderunt.
956 700 1050 775 Cujus
1065 704 1107 761 rei

192 781 253 841 δεῖ
273 781 443 856 exemplum
464 797 525 837 non
539 779 727 851 haberemus,
744 788 847 837 tamen
867 778 1017 839 libertatis
1038 801 1107 840 cau·

227 879 262 918 sa
291 860 409 918 institui
436 865 468 918 et
495 859 625 934 posteris
657 859 743 934 prodi
771 858 1004 934 pulcherrimum
1029 863 1108 935 judi·

226 956 334 998 carem.
378 939 458 997 Nam
479 938 552 1015 quid
573 938 617 996 illi
638 938 737 996 simile
752 939 831 996 bello
845 937 924 998 fuit?
967 940 1108 1017 Depopu-

226 1019 290 1077 lata
306 1019 407 1078 Gallia
422 1018 534 1078 Cimbri
551 1035 722 1094 magnaque
738 1018 824 1076 illata
845 1019 1019 1078 calamitate
1045 1021 1108 1078 fini·

226 1100 284 1157 bus
312 1099 433 1174 quidem
459 1098 571 1156 nostris
600 1098 763 1173 aliquando
791 1105 987 1156 excesserunt
1015 1105 1106 1176 atque

175 1181 211 1241 10
228 1179 304 1236 alias
318 1186 415 1236 terras
430 1179 600 1253 petieruut3
617 1179 694 1252 jure,
711 1178 802 1252 leges,
819 1195 918 1253 agros,
935 1179 1106 1238 libertatern

227 1259 314 1316 uobis
335 1259 536 1334 reliquerunt:
559 1258 692 1315 Romani
713 1259 871 1333 veroquid
892 1265 1000 1334 petunt
1014 1260 1105 1331 aliud,
1128 1299 1132 1304 -

228 1346 282 1396 aut
306 1338 379 1414 quid
405 1338 520 1408 volunt,
547 1337 605 1396 nisi
631 1337 746 1395 invidia
769 1338 901 1408 adducti,
924 1356 1000 1415 quoe
1025 1341 1107 1398 fama

228 1419 344 1476 nobiles
371 1424 571 1494 potentesque
599 1417 677 1475 bello
706 1425 920 1492 coguoverunt,
944 1419 1050 1497 horum
1076 1421 1106 1478 iu

229 1498 310 1573 egris
338 1498 572 1572 civitatibusque
600 1497 753 1555 considere
778 1503 869 1572 atque
893 1497 941 1555 his
962 1506 1105 1557 aeternam

177 1575 213 1633 15
228 1578 383 1652 injungere
404 1574 606 1635 servitutem?
647 1576 752 1652 Neque
780 1577 861 1634 enim
890 1595 1023 1653 unquam
1046 1580 1107 1637 alia

228 1657 399 1716 conditione
427 1657 506 1715 bella
534 1663 701 1730 gesseruut.
745 1656 833 1730 Quod
863 1657 887 1713 si
915 1675 961 1728 ea,
983 1679 1049 1736 quae
1075 1660 1106 1716 iu

227 1737 400 1812 longinquis
422 1736 596 1794 nationibus
617 1742 770 1810 geruntur,
787 1736 943 1810 ignoratis,
967 1739 1106 1812 respicite

227 1817 385 1874 finitimam
402 1816 541 1885 Galliam,
557 1833 623 1890 quae
639 1816 669 1873 in
689 1815 877 1890 provinciam
893 1817 1022 1887 redacta,
1037 1820 1105 1892 jure

227 1903 259 1955 et
273 1897 392 1970 legibus
406 1896 609 1966 commutatis,
625 1895 780 1953 securibus
801 1895 936 1970 subjecta
956 1904 1105 1974 perpetua

175 1973 213 2029 20
228 1977 376 2052 premitur
389 1975 566 2033 servitute.'⁷

267 2057 312 2118 l8.
338 2055 502 2114 Sententiis
523 2049 614 2113 dictis
634 2055 832 2124 constituunt,
855 2061 889 2112 ut
909 2054 940 2127 ii,
955 2056 1007 2130 qui
1028 2057 1108 2114 vele·

228 2136 331 2192 tudine
344 2141 397 2192 aut
408 2141 498 2192 aetate
513 2134 635 2196 inutiles
646 2139 718 2192 sunt
728 2134 815 2203 bello,
826 2130 936 2210 oppido
947 2137 1103 2207 excedant,

228 2222 317 2290 atque
333 2215 435 2271 omnia
454 2213 536 2288 prius
551 2215 751 2289 experiantur,
768 2231 857 2288 quam
879 2215 917 2272 ed
933 2215 1106 2292 Critognati

228 2295 410 2352 senteutiam
425 2294 628 2351 descendant:
651 2293 703 2351 illo
718 2300 821 2351 tamen
841 2294 943 2370 potius
957 2296 1106 2354 utendum

175 2369 212 2426 25
228 2374 361 2442 oonsilio,
378 2374 404 2432 si
425 2391 473 2430 res
493 2378 585 2447 cogat
606 2379 696 2448 etque
711 2373 823 2430 auxilia
837 2381 998 2442 morentur,
1015 2393 1107 2451 quam

229 2459 282 2510 aut
304 2453 467 2511 deditionis
496 2459 549 2510 aut
572 2453 655 2528 pacis
678 2453 866 2510 subeundam
891 2454 1105 2514 conditionem.

228 2532 396 2602 Mandubii,
420 2533 471 2607 qui
494 2549 546 2590 eos
569 2531 680 2607 oppido
703 2538 884 2608 receperant,
908 2551 975 2591 cum
1000 2534 1107 2593 liberis

229 2618 318 2687 atque
334 2613 476 2670 uxoribus
490 2612 571 2669 exire
593 2616 749 2685 coguntur.
794 2612 845 2682 Hi,
861 2631 929 2670 cum
951 2614 989 2671 ad
1012 2616 1108 2672 muni·

228 2692 327 2749 tiones
355 2692 563 2749 Ronlanorum
592 2692 800 2760 accessissent,
830 2692 936 2750 flentes
964 2694 1107 2752 omnibus

175 2765 212 2822 30
227 2772 363 2846 precibus
378 2771 514 2842 orabant,
530 2776 564 2828 ut
584 2787 616 2828 se
637 2771 668 2827 in
689 2771 866 2828 servitutem
887 2780 1024 2848 receptos
1039 2775 1106 2832 cibo

226 2851 377 2924 juvarent.
429 2851 474 2907 At
498 2850 601 2909 Oaesar
620 2849 777 2926 dispositis
804 2851 835 2908 iu
856 2851 934 2909 vallo
958 2854 1107 2914 custodiis

227 2930 317 3004 recipi
339 2929 526 3005 prohibebat.

268 3010 313 3070 79.
336 3011 458 3067 Interea
486 3008 642 3068 Commius
676 3012 707 3065 et
734 3008 839 3084 reliqui
868 3011 967 3081 duces,
996 3011 1105 3086 quibus

228 3104 346 3145 summa
366 3088 483 3163 imperii
504 3089 652 3163 permissa
672 3094 747 3157 erat,
763 3107 831 3146 cum
853 3090 993 3147 omnibus
1010 3092 1106 3166 copiis

176 3165 211 3220 35
229 3166 265 3224 ad
289 3168 425 3225 Alesiam
447 3168 627 3242 perveniunt
647 3173 678 3224 et
698 3167 772 3225 colle
793 3169 939 3226 exteriore
960 3177 1105 3245 occupato

230 3263 288 3302 uou
304 3246 424 3320 longius
440 3247 519 3302 mille
535 3247 675 3321 passibus
698 3247 736 3303 ab
757 3249 869 3306 uostris
885 3249 1103 3307 munitionibus

228 3326 397 3382 considunt.
441 3326 568 3382 Postero
582 3325 631 3383 die
646 3327 784 3401 equitatu
805 3345 842 3384 ex
863 3345 895 3385 ca
908 3329 970 3385 rtris
985 3328 1102 3399 educto,

228 3418 346 3458 ornnem
369 3421 434 3460 eom
455 3403 620 3477 pluuitiem,
637 3423 725 3478 quam
750 3407 780 3462 iu
803 3405 1022 3481 longitudinem
1046 3409 1103 3465 trie

228 3480 313 3536 milia
340 3499 485 3556 passuum
514 3487 615 3557 patere
643 3483 926 3558 demonstrauimus,
953 3487 1104 3563 complent
