2548 3774
498 318 790 376 arenssnxrus.
1047 305 1109 370 139

178 487 239 530 ente
264 474 355 546 atque
378 470 511 528 omnium
536 471 629 554 saluti
653 471 776 530 inermis
798 488 836 530 ex
860 469 1055 530 tabernaculo

177 552 293 626 prodit:
316 551 400 608 videt
413 551 568 610 imminere
584 551 688 609 hostes
703 558 794 627 atque
809 551 840 608 in
855 568 974 609 summo
988 568 1056 609 esse

91 691 96 700 Χ
177 647 240 688 rem
265 630 455 689 discrimine:
487 631 567 706 capit
589 649 674 689 arma
699 649 718 688 a
740 630 886 708 proximis
910 637 1000 706 etque
1024 631 1057 688 in

176 716 265 784 porta
293 711 441 770 consistit.
499 711 733 787 Oouscquuntur
762 711 840 769 hunc
864 711 1055 768 centuriones

175 791 240 863 ejus
261 790 394 848 cohortis
415 807 481 866 quae
501 791 687 849 metatione
707 797 791 849 erat:
820 791 973 866 paulisper
993 809 1055 848 una
1086 793 1108 852 *5

176 869 314 946 proelium
329 870 489 928 sustinent,
525 871 684 947 Relinquit
697 871 819 928 animus
835 870 972 929 Sextium
988 889 1056 945 gra·

175 950 265 1007 vibus
280 951 411 1026 acceptis
427 951 619 1008 vulneribus:
641 968 720 1026 aegre
741 968 794 1026 per
814 967 924 1008 monus
940 956 1057 1012 tractus

175 1036 322 1088 servatur.
367 1029 435 1088 Hoc
456 1031 557 1105 spatio
579 1031 759 1106 interposito
773 1030 881 1106 reliqui
901 1047 968 1087 seso
989 1048 1057 1088 eon-

176 1108 296 1167 firmant
309 1116 439 1182 tanturn,
455 1111 534 1168 utin
554 1111 774 1168 munitionibus
789 1110 954 1168 consistere
970 1109 1059 1168 audc-

176 1196 229 1247 ant
244 1191 433 1266 speciemque
448 1189 639 1248 defensorum
655 1190 815 1266 praebeant.
1073 1193 1111 1251 10

215 1272 262 1328 39.
286 1270 414 1327 Interim
428 1271 565 1328 conlecta
579 1270 811 1328 frumentatione
833 1269 944 1327 milites
961 1269 1057 1328 nostri

174 1348 336 1407 clamorem
350 1351 534 1425 exaudiunt3
550 1355 736 1426 praeenrrunt
750 1350 876 1425 equites,
887 1355 1001 1424 quanto
1016 1349 1058 1407 sit

174 1429 269 1486 resin
281 1430 421 1505 periculo,
437 1436 631 1505 cognoscunt.
669 1430 728 1488 Hic
744 1447 814 1488 vero
829 1430 913 1486 nulla
927 1429 1056 1486 munitio

174 1516 230 1578 est,
245 1527 312 1584 ques
326 1511 503 1586 perterritos
517 1510 661 1585 recipiet:
683 1510 774 1568 modo
789 1510 951 1584 conscripti
967 1515 1056 1584 atque

174 1607 249 1646 usus
265 1589 407 1647 militaris
421 1590 550 1666 imperiti
563 1590 601 1652 ad
616 1590 772 1648 tribunum
787 1589 916 1647 militum
932 1589 1058 1647 centuri·
1074 1591 1109 1649 15

174 1683 307 1744 onusque
329 1687 381 1727 ora
402 1677 600 1728 convertunt:
629 1669 701 1746 quid
725 1670 764 1727 ab
785 1669 834 1727 his
856 1670 1055 1745 praecipiatur,

173 1755 358 1824 exspectant.
402 1749 500 1807 Nemo
515 1756 563 1808 est
576 1755 641 1807 tam
656 1750 751 1820 fortis
767 1750 839 1825 quin
858 1749 901 1806 rei
920 1749 1057 1807 novitate

173 1829 374 1905 perturbetur.
405 1829 533 1888 Barbari
548 1829 637 1905 signa
650 1830 754 1905 procul
766 1829 932 1904 conspicati
943 1847 1056 1904 oppug-

177 1909 300 1967 natione
316 1909 485 1968 desistunt:
506 1909 621 1968 redisse
644 1909 739 1984 primo
761 1909 896 1984 legiones
917 1909 1053 1979 eredunt,

174 2006 250 2065 ques
271 1988 392 2063 longius
413 1989 589 2047 discessisse
614 2007 652 2046 ex
678 1989 809 2064 captivis
831 1994 1054 2064 cognoverant3
1071 1991 1109 2048 20

174 2075 283 2143 postes
297 2068 440 2143 despecta
455 2070 607 2146 paucitate
629 2085 666 2126 ex
686 2069 826 2126 omnibus
847 2069 983 2145 partibus
1004 2068 1057 2125 im·

174 2158 279 2225 petum
300 2148 423 2206 faciunt.

215 2233 261 2288 40.
286 2227 415 2287 Calones
437 2229 469 2285 in
490 2228 662 2305 proximum
686 2227 838 2286 tumulum
859 2233 1055 2302 procurrunt:

176 2306 245 2366 hine
260 2309 396 2366 celeriter
411 2308 519 2383 dejecti
541 2326 573 2366 se
594 2307 626 2364 in
641 2308 730 2382 signe
746 2307 975 2383 manipulosque
990 2325 1058 2364 con·

177 2388 302 2464 jiciunt‘:
324 2406 359 2446 eo
380 2389 480 2463 magis
500 2387 623 2445 timidos
637 2394 805 2463 perterrent
820 2387 938 2446 milites.
982 2386 1055 2457 Alii,
1072 2390 1108 2448 25

175 2486 270 2526 cuneo
293 2468 374 2527 facto
396 2474 431 2526 nt
452 2467 588 2526 celeriter
608 2472 815 2544 perrumpant,
838 2473 970 2537 censent,
986 2484 1057 2542 quo·

176 2548 258 2606 niam
273 2554 337 2605 tam
359 2547 527 2623 propinqua
548 2548 611 2606 sint
624 2553 742 2621 castre3
763 2552 794 2604 et
815 2547 841 2604 si
862 2565 933 2623 pars
955 2546 1057 2621 aliqua

175 2629 383 2694 circumventa
397 2627 547 2698 ceciderit,
563 2634 595 2686 at
609 2627 740 2702 reliquos
755 2627 870 2684 servari
884 2643 973 2701 posse
988 2644 1056 2684 con·

175 2707 289 2766 fidunt:
322 2707 383 2778 alii,
407 2713 441 2765 ut
466 2707 497 2764 in
517 2708 593 2782 jugo
617 2708 788 2765 consistent
812 2712 902 2782 atque
927 2705 1055 2763 eundem

175 2805 282 2846 onmes
311 2788 410 2845 ferent
438 2804 551 2844 casum.
608 2787 677 2844 Hoc
699 2792 816 2844 veteres
839 2805 899 2843 non
926 2786 1056 2860 probant
1071 2789 1109 2848 30

176 2868 298 2939 milites,
314 2884 391 2943 quos
414 2867 472 2924 sub
494 2865 605 2924 vexillo
630 2884 691 2924 una
714 2866 866 2942 profectos
888 2866 1054 2924 docuimus.

177 2947 285 3023 ltaque
302 2947 381 3004 inter
395 2963 427 3004 se
441 2946 599 3016 cohortati,
611 2947 686 3004 duce
700 2945 775 3004 Gaio
785 2946 944 3016 Trebonio,
955 2946 1057 3021 equite

177 3026 326 3096 Romano,
343 3026 393 3102 qui
408 3025 452 3083 eis
473 3032 539 3084 erat
551 3026 741 3101 prepositus,
755 3043 810 3101 per
823 3026 940 3084 medios
955 3026 1058 3084 hostes

177 3112 376 3183 perrumpunt
390 3107 614 3181 incolumesque
630 3107 668 3164 ad
683 3124 778 3162 unum
794 3124 898 3163 omnes
913 3106 942 3162 in
958 3112 1058 3163 cestra

178 3187 366 3264 perveniunt,
391 3185 457 3242 Hos
469 3186 622 3244 subsecuti
634 3185 755 3244 calones
765 3186 941 3261 equitesque
953 3186 1057 3243 eodem
1072 3185 1110 3244 35

177 3267 292 3342 impetu
306 3266 437 3324 militum
449 3266 560 3324 virtute
576 3271 744 3324 servantur.
774 3266 819 3322 At
833 3265 864 3337 ii,
875 3265 927 3340 qui
942 3265 973 3322 iu
982 3267 1058 3339 jugo

178 3345 484 3415 constiterant-nullo
499 3347 592 3404 etiam
606 3363 686 3403 nunc
700 3362 758 3402 usu
779 3345 822 3402 rei
842 3344 982 3401 militaris
997 3361 1061 3418 per·

175 3432 273 3502 cepto,
288 3443 387 3500 neque
409 3425 440 3482 in
462 3442 506 3496 eo,
522 3424 603 3501 quod
624 3425 837 3500 probaverant,
853 3422 976 3479 consilio
998 3438 1061 3496 per·-

176 3523 309 3576 manere,
322 3511 355 3566 ut
370 3521 403 3563 se
417 3505 482 3563 loco
497 3503 650 3581 superiore
659 3503 863 3571 defenderent,
874 3517 968 3574 neque
982 3515 1059 3568 earn,
