2524 3776
461 305 574 354 arras
599 305 805 354 sucunnus.
1055 287 1097 354 os

163 459 247 530 rent3
275 462 342 513 tum
376 455 497 514 calones
530 457 708 533 perterritos
736 455 841 515 hostes
879 455 1047 531 conspicati

162 537 256 593 etiam
272 537 403 594 inermes
419 537 546 594 armatis
561 543 768 612 occurrerent;
790 536 909 612 equites
921 554 1000 606 vero,
1011 541 1046 607 ut

161 617 382 692 turpitudinem
393 616 472 691 sugae
488 618 599 674 virtute
614 617 756 686 delerent,
769 617 909 674 omnibus
924 617 955 674 in
970 616 1045 674 locis

162 703 401 774 pugnarentquo
411 715 443 754 sc
454 697 627 770 legionariis
637 697 786 755 militibus
795 697 976 773 preferrent.
1000 697 1045 754 At

162 775 268 835 hostes
289 777 381 836 etiam
402 778 434 834 in
455 784 590 834 extrema
610 795 663 853 spe
685 777 794 835 salutis
819 783 937 836 tantam
953 777 1045 834 virtu·
1079 778 1096 836 5

161 860 223 913 tem
239 858 452 931 prestiterunt,
474 863 517 929 ut,
533 875 601 914 cum
621 857 710 933 primi
731 875 833 915 eorum
855 859 1044 928 cecidissent,

161 937 291 1010 proximi
307 938 480 1012 jacentibus
501 938 677 995 insisterent
702 944 792 1013 atque
806 956 845 997 ex
858 956 962 996 eorum
983 954 1046 995 cor-

161 1017 286 1092 poribus
300 1025 489 1092 pugnarent,
505 1017 552 1076 his
568 1019 692 1091 dejectis
713 1023 744 1076 st
758 1019 943 1077 coacervatis
958 1017 1045 1075 cada·

162 1097 293 1168 veribus,
310 1099 362 1173 qui
384 1104 586 1173 superessent,
602 1099 646 1155 uti
662 1116 699 1156 ex
713 1099 839 1169 tumulo,
856 1099 918 1156 tela
931 1099 962 1155 in
978 1114 1045 1154 nos·

161 1181 226 1234 tros
248 1179 429 1252 conjicerent
459 1184 491 1237 et
510 1179 573 1256 pila
594 1178 763 1254 intercepta
783 1179 987 1237 remitterent:
1009 1183 1044 1235 ut
1060 1178 1095 1234 10

163 1273 223 1313 non
252 1259 452 1335 nequicquam
480 1263 574 1317 tantae
602 1259 726 1316 virtutis
754 1259 893 1316 homines
913 1257 1043 1334 judicari

162 1336 285 1395 deberet
306 1356 397 1396 ausos
418 1357 485 1396 esse
507 1339 635 1397 transire
657 1339 841 1397 latissimum
865 1339 983 1409 flumen,
999 1355 1045 1395 as·

163 1418 289 1476 candere
332 1419 501 1477 altissimas
541 1419 632 1494 ripas
672 1419 773 1477 subire
815 1420 1041 1495 iniquissimum

163 1497 279 1556 locum:
301 1517 368 1574 quae
382 1499 483 1557 facilia
496 1499 731 1578 exdifficillimis
746 1500 839 1557 animi
860 1498 1041 1576 magnitudo

162 1578 330 1654 redegerat.
1058 1580 1092 1638 15

204 1661 249 1718 28.
274 1659 343 1717 Hoc
355 1659 462 1736 proelio
477 1659 557 1718 facto
580 1664 612 1718 et
631 1677 725 1737 prope
747 1660 786 1717 ad
806 1660 1042 1721 internecionem

163 1744 254 1813 gente
275 1757 310 1798 ac
331 1741 451 1798 nomine
465 1739 647 1798 Nerviorum
661 1741 793 1810 redacto,
809 1742 937 1816 majores
957 1746 1041 1810 natu,

163 1835 240 1894 quos
255 1837 317 1878 una
328 1837 399 1878 cum
416 1821 517 1895 pueris
531 1821 769 1896 mulieribusque
790 1821 822 1878 in
843 1821 986 1879 astuaria
1008 1839 1043 1879 ac

162 1899 290 1974 paludes
311 1900 453 1958 collectos
474 1900 656 1972 dixeramus,
679 1901 737 1959 hac
763 1919 869 1976 pugna
889 1901 1042 1972 nunciata,

163 1997 232 2036 cum
247 1981 414 2038 victoribus
435 1981 511 2038 nibil
533 1981 723 2056 impeditum,
739 1982 829 2039 victis
844 1981 919 2039 nihil
940 1987 1042 2038 tutum
1058 1981 1096 2038 20

163 2059 389 2131 arbitrarentur,
419 2061 563 2132 omnium,
591 2062 644 2137 qui
678 2066 864 2137 supererant,
894 2078 1044 2120 consensu

163 2139 283 2216 legatos
305 2141 343 2198 ad
359 2141 510 2200 Caesarem
531 2141 680 2200 miserunt
694 2159 786 2217 seque
802 2143 829 2200 ei
844 2142 1043 2215 dedidemnt3

163 2227 195 2278 et
215 2221 247 2278 in
269 2221 532 2280 commemoranda
554 2222 690 2280 civitatis
712 2223 952 2291 calamitata'ex
980 2239 1045 2280 sex-

164 2301 261 2360 centis
283 2302 321 2359 ad
342 2308 405 2359 tres
420 2307 584 2372 senatores,
600 2321 637 2360 ex
651 2303 808 2360 bominum
824 2303 946 2360 milibus
961 2320 1045 2360 sexa-

165 2381 313 2456 gintavix
328 2383 365 2440 ad
378 2383 571 2458 quingentos,
581 2383 633 2459 qui
649 2383 818 2441 armaserre
831 2389 966 2460 possent,
977 2399 1044 2441 sese
1059 2382 1096 2441 25

164 2461 304 2519 redactos
318 2479 385 2520 esse
399 2463 547 2522 dixerunt.
591 2464 676 2538 Quos
692 2463 803 2534 Oaesar,
819 2469 854 2521 ut
869 2464 900 2521 in
915 2463 1044 2520 miseros

166 2559 200 2600 ac
214 2541 366 2617 supplices
381 2560 456 2601 usus
477 2543 685 2601 misericordia
700 2543 861 2614 videretur,
877 2543 1046 2618 diligentis·

166 2622 240 2680 sime
264 2623 456 2682 conservavit
479 2623 603 2698 suisque
625 2623 735 2681 finibus
756 2629 846 2699 atque
865 2623 985 2700 oppidis
1000 2623 1045 2680 uti

169 2703 263 2778 jussit
287 2707 318 2759 et
332 2702 469 2761 finitimis
483 2703 653 2778 imperavit,
669 2711 704 2762 ut
718 2704 758 2761 ab
772 2703 883 2779 injuria
903 2710 935 2762 et
954 2702 1045 2761 male

166 2782 231 2841 licio
247 2799 279 2840 se
294 2799 425 2859 suosque
439 2783 641 2860 prohiberent.
1059 2787 1098 2845 30

207 2865 252 2921 29.
276 2863 441 2932 Aduatuci,
458 2865 494 2922 de
517 2863 628 2939 quibus
648 2881 742 2938 supra
767 2864 952 2941 scripsimus
976 2881 1044 2921 cum

165 2943 307 3000 omnibus
329 2944 423 3020 copiis
445 2945 556 3002 auxilio
571 2943 693 3002 Nerviis
708 2945 854 3016 venirent,
870 2944 927 3003 hac
941 2961 1046 3019 pugna

165 3023 310 3080 nunciata
341 3042 379 3081 ex
405 3024 513 3082 itinere
540 3025 665 3082 domum
693 3029 900 3099 reverterunt3
929 3025 1046 3082 cunctis

165 3102 285 3177 oppidis
300 3104 491 3180 castellisque
506 3105 636 3162 desertis
657 3121 713 3161 sua
727 3105 829 3162 omnia
841 3105 872 3161 in
887 3121 981 3162 unum
997 3120 1047 3178 op-

164 3182 272 3258 pidum
297 3185 418 3258 egregie
433 3190 542 3243 natura
555 3185 706 3242 munitum
728 3185 926 3242 contulerunt.
957 3184 1046 3258 Quod
1061 3183 1097 3242 35

165 3279 234 3320 oum
263 3281 301 3320 ex
329 3265 471 3322 omnibus
498 3265 530 3322 in
559 3265 685 3322 circuitu
712 3265 850 3340 partibus
878 3265 1046 3322 altissimas

164 3359 257 3416 rupes
278 3343 499 3420 despectusque
522 3345 657 3416 haberet,
677 3362 740 3402 una
767 3363 804 3402 ex
827 3350 913 3419 parto
937 3344 1047 3402 leniter

165 3423 290 3480 acclivis
305 3424 407 3482 aditus
429 3424 460 3481 in
474 3423 669 3484 latitudinem
685 3442 746 3482 non
761 3425 892 3499 amplius
907 3424 1048 3482 ducento-

165 3519 231 3560 rum
263 3505 374 3576 pedam
412 3504 655 3582 relinquebatur:
686 3522 776 3582 quem
804 3504 903 3562 locum
932 3503 1045 3580 duplici
