2548 3774
176 267 218 334 86
445 284 492 332 oa
516 283 638 333 nanno
663 283 835 334 erunroo.

227 434 347 493 ancoris
363 435 456 510 jactis
481 452 548 494 cum
574 433 714 493 fluctibus
735 433 965 510 complerentur,
978 450 1112 492 necessa·

226 514 271 572 rio
293 515 421 573 adversa
442 521 530 574 nocto
551 514 583 571 in
604 515 699 573 altum
723 520 874 590 provectae
906 513 1111 572 continentem

226 595 387 671 petierunt.

270 677 315 733 29.
339 674 456 732 Eadem
471 678 559 731 uncte
575 673 693 742 accidit,
709 679 743 731 ut
755 678 839 731 esset
853 673 927 730 luna
947 672 1044 749 plana,
1059 671 1111 748 qui

194 753 294 812 odies
317 755 485 812 maritimos
507 759 601 811 aestus
623 752 772 812 maximos
797 753 828 810 in
852 752 974 812 Oceano
997 753 1111 812 officere

228 834 405 908 consuevit3
426 832 599 908 nostrisque
614 833 645 890 id
660 840 725 891 crat
740 833 945 908 incognitum„
979 833 1030 891 Ita
1050 850 1110 890 uno

228 917 362 989 tempore
387 918 420 971 et
444 912 554 988 longas
576 930 680 982 naves,
695 913 805 988 quibus
821 913 925 971 Caesar
945 912 1110 970 exercitum
1160 985 1162 989 Ι

228 992 497 1068 transportandum
517 997 677 1050 curaverat
700 1010 833 1068 quasque
855 992 886 1049 in
911 991 1027 1050 aridum
1043 992 1112 1050 sub·

231 1071 366 1144 duxerat,
382 1078 476 1130 aestus
490 1071 675 1148 complebat3
695 1079 728 1130 et
749 1071 910 1142 onerariae,
926 1089 992 1147 quae
1007 1071 1045 1129 ad
1060 1089 1111 1128 au·

177 1155 316 1214 lacoras
339 1159 427 1210 crant
447 1151 598 1227 deligata,
620 1156 786 1228 tempestas
814 1151 992 1225 afflictabat3
1013 1169 1109 1226 neque

228 1230 290 1288 ulla
304 1233 415 1290 nostris
430 1231 560 1289 facultas
572 1237 626 1288 aut
637 1231 869 1289 administrandi
882 1237 935 1289 aut·
946 1231 1109 1289 auxiliandi

228 1311 365 1369 dabatur.
403 1311 616 1387 Gompluribus
630 1311 760 1368 navibus
774 1311 887 1382 fractis,
903 1311 1025 1386 reliquae
1040 1329 1107 1369 cum

226 1391 609 1462 essent‚t⁴unibus,ancoris,
620 1391 799 1466 reliquisque
812 1391 1007 1448 armamentis
1022 1391 1109 1448 amis·

227 1470 278 1540 sis,
291 1471 329 1528 ad
344 1471 550 1546 navigandum
565 1471 698 1541 mutilae,
713 1488 832 1540 magna,
846 1471 876 1529 id
891 1470 971 1546 quod
985 1488 1108 1529 necesse

175 1553 211 1610 15
225 1554 292 1607 crat
306 1551 447 1620 accidere,
463 1551 558 1608 totius
572 1551 721 1608 exercitus
743 1549 929 1625 perturbatio
943 1550 1024 1608 lacta
1044 1555 1107 1609 est:

225 1648 322 1705 neque
343 1631 424 1687 enim
445 1647 540 1687 naves
560 1635 649 1688 eraut
670 1630 744 1702 alia,
757 1630 865 1705 quibus
880 1630 1026 1705 reportari
1040 1648 1107 1706 pos·

226 1715 309 1784 sent3
334 1715 365 1768 et
386 1711 489 1782 omnia
509 1710 643 1779 deerant,
666 1727 732 1785 quae
754 1711 793 1767 ad
814 1709 989 1768 reficiendas
1011 1727 1107 1768 naves

224 1796 311 1847 erant
332 1789 418 1859 usui,
432 1794 471 1860 et,
487 1789 566 1865 quod
587 1789 726 1847 omnibus
746 1790 907 1847 constabat
927 1789 1052 1847 hiemari
1074 1789 1106 1847 in

227 1868 327 1926 Gallia
346 1875 491 1945 oportere,
508 1869 691 1927 frumentum
713 1869 762 1926 his
783 1869 816 1927 in
836 1868 912 1927 locis
927 1869 958 1926 in
973 1869 1105 1926 hiemem
1169 1931 1171 1936 ,

173 1949 211 2007 20
226 1949 381 2023 provisum
403 1967 463 2005 non
484 1953 557 2006 erat.

265 2031 311 2086 30.
336 2028 453 2101 Quibus
478 2029 568 2085 rebus
591 2028 731 2103 coguitis,
754 2027 905 2105 principes
927 2027 1103 2099 Brituuuiae,

224 2107 274 2180 qui
289 2115 360 2183 post
372 2107 510 2183 proelium
528 2109 567 2165 ad
584 2107 735 2166 Caesarem
751 2114 962 2177 convenerant,
978 2107 1057 2165 inter
1071 2125 1103 2166 se

224 2186 373 2256 collocuti,
383 2205 451 2244 cum
467 2188 584 2262 equitus
598 2192 630 2244 ct
644 2205 738 2244 naves
753 2193 785 2245 et
798 2189 981 2245 frumentum
992 2188 1104 2244 Itoma-

225 2266 272 2322 nis
297 2268 402 2324 deesse
424 2266 628 2341 intelligerent
651 2272 683 2324 et
705 2268 890 2342 paucitatem
912 2267 1041 2325 militum
1065 2285 1103 2324 ex

170 2347 207 2404 25
223 2351 390 2404 castrorum
416 2347 582 2421 exiguitate
605 2353 828 2421 cognoscerent,
844 2365 909 2421 quae
935 2346 991 2404 hoc
1015 2353 1104 2404 erant

222 2426 316 2483 etiam
342 2427 527 2500 angustiora,
552 2426 632 2501 quod
657 2427 722 2483 sinc
751 2427 974 2502 impedimentis
999 2425 1104 2484 Oaesar

222 2504 356 2580 legiones
377 2511 645 2581 transportaverat,
661 2506 807 2581 optimum
828 2506 909 2563 factu
930 2523 996 2563 esse
1011 2506 1103 2563 duxe-

220 2591 298 2654 runt,
308 2585 467 2643 rebellione
479 2586 567 2656 facta,
580 2585 730 2642 frumento
739 2592 968 2660 commeatuque
980 2591 1102 2643 nostros

220 2665 376 2740 prohibere
401 2671 433 2722 et
457 2683 518 2722 rem
545 2667 575 2722 in
600 2664 729 2722 hiemem
752 2665 925 2740 producere,
950 2665 1030 2740 quod
1054 2665 1102 2722 his

169 2746 205 2802 30
221 2746 371 2818 superatis
403 2749 456 2802 aut
483 2745 583 2802 reditu
611 2745 792 2812 interclusis,
814 2745 964 2802 neminem
992 2752 1103 2820 postea
1165 2754 1172 2760 “

220 2825 291 2882 belli
306 2825 453 2899 inferendi
464 2842 557 2882 causa
570 2825 601 2882 iu
614 2824 804 2882 Britanniam
819 2825 1017 2882 transiturum
1034 2842 1104 2882 con·

221 2903 360 2963 fidebant.
404 2906 511 2980 Itaque
534 2921 638 2961 rursus
659 2904 865 2975 conjuratione
886 2905 976 2969 facta,
1000 2905 1104 2978 paula·

218 2983 276 3041 tim
291 2986 449 3042 excestria
469 2984 620 3042 discedere
637 3001 670 3040 ac
685 3001 757 3041 suos
771 2982 847 3041 clam
862 3002 900 3041 ex
914 2983 996 3058 agris
1010 2984 1103 3042 dedu·

139 3085 143 3092 ·
219 3081 284 3120 cere
306 3069 464 3140 coeperuut.

168 3142 204 3200 35
260 3145 306 3200 31.
330 3145 375 3200 At
390 3143 500 3212 Caesar,
515 3143 573 3200 etsi
589 3142 721 3200 noudum
735 3157 838 3200 eorum
853 3141 979 3200 consilia
992 3160 1103 3218 cogno-

222 3227 315 3288 verat,
331 3225 432 3278 tamen
447 3228 478 3279 et
493 3241 530 3278 ox
543 3229 654 3278 eventu
669 3219 794 3278 navium
810 3239 941 3292 suarum,
957 3229 988 3278 et
1003 3241 1040 3280 ex
1054 3241 1101 3294 eo,

221 3299 301 3371 quod
316 3299 437 3356 obsides
452 3301 522 3356 dare
536 3301 769 3368 intcrmiseraut,
786 3301 847 3358 lore
870 3300 909 3370 id,
925 3301 1006 3376 quod
1028 3304 1102 3360 acci·

221 3377 274 3444 dit,
291 3378 505 3450 suspicabatur.
549 3379 656 3454 Itaque
678 3379 716 3436 ad
739 3398 843 3438 omues
858 3399 948 3438 casus
963 3382 1101 3440 subsidia

221 3455 432 3528 comparabat:
449 3475 517 3513 nam
532 3463 562 3516 et
574 3458 757 3516 frumentum
768 3478 806 3518 ex
820 3460 903 3536 agris
918 3461 1055 3536 qnotidie
1070 3463 1102 3520 iu
