2524 3776
465 296 578 344 mans
603 296 755 344 sarnus.
1046 279 1086 349 17

137 446 173 507 de
187 447 302 506 nostris
317 447 437 505 cadunt.
474 447 541 521 Quo
556 447 660 528 proelio
673 446 785 504 sublati
801 443 943 518 Helvetii,
953 446 1034 523 quod

137 528 312 604 quingentis
332 527 486 604 equitibus
507 533 627 585 tantam
648 526 791 584 multitud
802 545 873 588 nem
895 527 1033 603 equitum

135 608 340 684 propulerant,
370 607 515 665 audacius
543 607 718 677 subsistere,
748 624 964 683 nonnunquam
995 625 1033 666 ex

136 688 303 745 novissimo
315 687 435 761 agmine
449 687 554 762 proelio
570 694 690 744 nostros
702 685 848 744 lacessere
868 693 1029 764 coeperunt.

138 766 240 826 Caesar
255 784 327 825 suos
349 785 367 823 a
387 767 492 841 proelio
507 766 689 836 continebat,
706 784 741 824 ac
762 767 838 824 satis
856 767 987 825 habebat
1002 767 1032 825 in
1067 767 1085 825 5

136 848 296 922 praesentia
316 845 433 904 bostem
456 846 579 923 rapinis
596 846 851 921 pabulationibus,
867 847 1034 922 populatio·

137 926 285 1002 nibusque
306 926 471 1003 prohibere.
514 927 564 984 Ita
579 926 644 984 dies
659 926 776 984 circiter
790 926 960 1002 quindecim
975 927 1033 985 iter

136 1006 280 1077 iecerunt,
307 1006 352 1063 uti
377 1006 455 1064 inter
478 1006 679 1063 novissimum
705 1005 839 1064 hostium
868 1024 979 1082 agmen
1000 1013 1032 1065 et

136 1092 274 1144 nostrum
290 1085 420 1160 primum
441 1103 502 1143 non
518 1085 647 1162 amplius
662 1086 763 1161 quinis
783 1090 836 1144 aut
850 1086 931 1144 senis
956 1085 1032 1144 mili·

8 1135 9 1156 *
51 1249 53 1252 Ι
136 1165 192 1222 bus
206 1183 353 1240 passuum
368 1165 535 1224 interesset.
1048 1170 1085 1229 10

179 1247 222 1304 lt.
247 1245 375 1304 Interim
399 1245 533 1321 quotidie
564 1244 666 1303 Cesar
693 1244 812 1304 AEduos
836 1246 1028 1320 frumentum,

7 1383 8 1418 ,
103 1397 105 1401 Ι
135 1325 217 1400 quod
237 1331 341 1385 essent
361 1325 479 1401 publice
495 1325 630 1402 polliciti,
648 1324 802 1400 flagitare:
824 1344 894 1383 narn
909 1332 1030 1403 propter

134 1405 258 1480 frigora,
273 1405 353 1481 quod
369 1405 469 1464 Gallia
484 1405 540 1462 sub
555 1405 821 1481 septentrionibus
838 1412 873 1464 ut
888 1412 957 1464 ante
973 1406 1031 1465 dic-

134 1496 201 1542 tum
224 1491 280 1556 est,
305 1485 407 1562 posita
431 1491 487 1556 est,
514 1503 575 1543 non
599 1485 689 1543 modo
718 1485 869 1543 frumenta
891 1485 923 1544 in
948 1487 1030 1562 agris

135 1571 256 1622 matura
269 1583 328 1622 non
340 1571 434 1636 erant,
451 1566 504 1626 sed
518 1583 556 1622 ne
570 1565 673 1642 pabuli
688 1565 810 1640 quidem
826 1566 902 1623 satis
917 1584 1031 1642 magna
1047 1573 1082 1632 15

135 1645 223 1720 copia
237 1646 434 1721 suppetebat:
456 1663 491 1703 eo
508 1651 610 1704 autem
630 1645 790 1717 frumento,
806 1646 887 1722 quod
908 1646 1029 1704 flumine

135 1725 234 1782 Arare
249 1725 378 1782 navibus
393 1726 582 1796 subvexerat,
598 1731 758 1802 propterea
772 1727 818 1782 uti
834 1727 934 1783 minus
948 1732 1031 1802 pote·

134 1810 191 1875 rat,
208 1806 288 1879 quod
303 1805 360 1863 iter
374 1805 411 1862 ab
427 1806 523 1862 Arare
539 1805 676 1863 Helvetii
691 1812 871 1876 averterant,
888 1824 906 1863 a
920 1807 1030 1882 quibus

135 1884 288 1942 discedere
309 1884 438 1942 nolebat.
482 1885 572 1943 Diem
587 1903 625 1943 ex
639 1885 687 1943 die
709 1886 816 1944 ducere
831 1885 942 1961 AEdui3
964 1903 1030 1944 con·

135 1963 214 2034 ferri,
227 1965 416 2041 comportari,
433 1965 538 2023 adesse
553 1966 659 2024 dicere.
703 1965 766 2024 Ubi
784 1984 815 2024 se
831 1967 945 2025 diutius
960 1966 1029 2025 duci
1045 1971 1083 2028 20

135 2043 285 2102 intellexit
309 2051 340 2102 et
351 2045 431 2102 dien:
446 2045 568 2117 instare,
584 2064 644 2122 quo
666 2046 713 2104 die
729 2046 915 2104 frumentum
930 2046 1031 2104 militi-

135 2123 192 2181 bus
207 2124 307 2181 metiri
322 2131 492 2200 oporteret3
514 2126 688 2184 convocatis
710 2143 813 2184 eorum
834 2126 1028 2202 principibus,

134 2221 262 2279 quorum
286 2222 429 2279 magnam
452 2205 569 2280 copiam
591 2205 752 2262 incastris
775 2205 913 2277 habebat,
930 2207 961 2265 in
981 2205 1030 2264 his

135 2283 289 2342 Divitiaco
310 2290 341 2342 et
362 2284 461 2355 Lisco,
478 2285 529 2360 qui
551 2302 669 2342 summo
686 2285 880 2360 magistratui
901 2292 1029 2361 praeerat

135 2364 240 2439 (quem
266 2364 490 2440 Vergobretum
519 2365 676 2441 appellant
702 2365 805 2435 AEdui,
832 2367 884 2442 qui
913 2373 1031 2425 creatur
1045 2371 1082 2428 25

135 2461 263 2514 annuus,
280 2450 311 2502 et
326 2445 396 2502 vitae
411 2445 551 2520 necisque
573 2445 605 2501 in
626 2462 698 2503 suos
714 2445 806 2503 habet
820 2447 1029 2521 potestatem),

134 2524 271 2598 graviter
284 2543 336 2583 eos
351 2530 483 2594 accusat,
499 2525 588 2599 quod,
605 2543 673 2582 cum
689 2543 785 2600 neque
800 2527 858 2583 emi
883 2545 979 2602 neque
994 2545 1032 2585 ex

134 2605 217 2679 agris
233 2605 313 2662 sumi
323 2611 436 2681 posset,
452 2611 517 2663 tam
539 2606 708 2663 necessario
722 2612 865 2682 tempore,
881 2613 944 2664 tam
965 2625 1031 2683 pro-

133 2684 256 2759 pinquis
276 2684 424 2755 hostibus
448 2685 545 2742 abiis
566 2703 627 2742 non
650 2685 842 2760 sublevetur3
863 2688 1030 2762 praesertim

134 2781 202 2821 cum
219 2781 332 2838 magna
342 2783 380 2822 cx
393 2771 479 2841 parte
491 2782 594 2822 eorum
608 2765 747 2840 precibus
758 2766 907 2824 adductus
917 2767 1029 2824 bellurn
1045 2769 1082 2827 30

134 2844 317 2918 susceperit:
339 2845 435 2902 multo
450 2845 543 2902 etiam
558 2844 691 2921 gravius,
706 2846 788 2922 quod
800 2846 841 2904 sit
854 2847 1028 2919 destitutura,

133 2924 277 2999 queritur.
943 2971 945 2976 .

176 3005 222 3065 ll.
246 3003 324 3061 Tum
347 3004 469 3063 demum
491 3005 601 3063 Liscus
618 3005 753 3064 oratione
772 3005 900 3065 Caesaris
923 3007 1030 3065 adduc·

133 3087 193 3154 tus,
208 3083 290 3158 quod
300 3088 390 3141 antea
404 3091 549 3156 tacuerat,
562 3085 721 3160 proponit:
738 3087 843 3144 “Esse
858 3087 1027 3158 nonnullos,

132 3180 261 3239 quorum
288 3166 454 3223 auctoritas
476 3166 556 3242 apud
576 3165 695 3242 plebem
722 3165 886 3241 plurimum
908 3167 1027 3240 valeat3
1043 3165 1081 3222 35

133 3244 549 3320 quiprivatimpluspossint,
557 3263 648 3322 quam
660 3245 717 3321 ipsi
728 3247 935 3321 magistratus.
961 3247 1029 3304 Hos

134 3323 281 3382 seditiosa
292 3330 382 3399 atque
394 3324 532 3398 improba
544 3325 678 3383 oratione
693 3325 920 3384 multitudinem
935 3325 1030 3384 deter-

134 3419 209 3475 rere,
224 3421 262 3460 ne
287 3403 471 3462 frumentum
494 3405 656 3475 conferant,
673 3405 753 3480 quod
775 3411 920 3481 praestare
943 3406 1028 3464 debo-

136 3491 196 3542 ant.
242 3481 275 3541 Si
291 3484 360 3556 jam¹
378 3483 583 3559 principatum
599 3483 703 3544 Gallice
725 3484 859 3543 obtinere
881 3501 941 3541 non
962 3501 1027 3560 pos·
