2524 3776
513 281 626 328 urana
650 282 820 330 ruamus
1084 271 1123 338 71

230 433 276 490 29.
300 431 439 508 Reliquis
455 432 597 508 deinceps
612 433 719 491 diebus
737 433 839 491 Oaesor
851 434 946 490 silvas
958 435 1070 494 credere

188 510 332 582 instituit,
359 519 390 569 et
418 530 455 568 ne
481 512 550 587 quis
576 513 741 569 inermibus
770 513 1070 591 imprudentibusque

187 590 336 648 militibus
352 592 390 648 ab
405 592 498 648 latere
515 592 645 666 impetus
661 592 723 650 lieri
740 600 852 667 posset,
869 611 987 651 omnem
1003 613 1069 652 eum

187 671 357 741 materiam,
382 689 447 746 quae
475 678 540 728 erat
568 689 653 739 caesa,
679 689 855 728 conversum
885 673 922 730 ad
953 673 1069 732 bostem

187 748 358 808 collocabat
381 758 412 808 et
426 768 479 824 pro
495 751 575 809 vallo
598 751 635 808 ad
654 760 814 826 utrumque
836 753 917 810 latus
938 761 1070 812 exstrue·
1104 758 1121 816 5

187 829 250 887 bat.
294 831 466 887 Incredibili
481 831 633 888 celeritate
649 849 759 906 magno
777 833 875 906 spatio
890 833 994 907 paucis
1010 835 1070 892 die·

187 909 246 966 bus
261 910 404 979 coniectu,
420 927 487 966 curn
506 912 570 983 jam
585 929 676 985 pecus
691 917 781 985 atquc
798 918 932 970 extrema
946 914 1070 988 impedi-

187 995 291 1046 menta
312 991 349 1046 ab
372 990 484 1046 nostris
507 997 688 1060 tenerentur,
712 991 768 1065 ipsi
792 991 946 1048 densiores
972 993 1067 1052 silvas

186 1075 342 1143 peterent;
363 1070 508 1142 ejusmodi
531 1077 602 1126 sunt
617 1076 813 1144 tempestates
829 1078 1004 1142 consecutio,
1022 1074 1065 1129 uti

187 1165 264 1223 opus
293 1149 462 1206 necessario
491 1149 740 1207 intermitteretur
777 1157 808 1207 et
839 1151 1064 1209 continuatione
1083 1155 1118 1213 lo

185 1228 329 1285 imbrium
350 1229 464 1286 diutius
485 1229 542 1285 sub
559 1229 689 1303 pellibus
706 1229 817 1286 milites
839 1231 984 1288 contineri
1007 1249 1067 1288 non

185 1315 319 1382 possent.
363 1308 471 1384 Itaque
500 1309 630 1366 vastatis
665 1309 805 1366 omnibus
832 1327 936 1367 eorum
975 1312 1065 1386 agris,

186 1387 262 1444 vicis
277 1387 468 1464 aedificijsque
483 1387 622 1458 incensis,
640 1387 743 1446 Oaesar
756 1389 920 1446 exercitum
946 1390 1079 1448 reduxit.

184 1467 270 1524 etin
292 1466 434 1525 Aulercis
458 1467 669 1543 Lexoviisque,
695 1469 817 1544 reliquis
840 1469 911 1526 item
937 1470 1067 1528 civitati·

185 1547 251 1617 bus,
268 1564 334 1622 qua
349 1547 483 1623 proxime
499 1547 610 1606 bellum
626 1547 767 1618 fecerant,
784 1548 814 1606 iu
831 1548 962 1608 hibernis
978 1549 1066 1609 collo·
1083 1550 1117 1613 15

185 1624 274 1686 cavit
