2524 3776
278 719 357 801 ΒΕ
396 717 598 804 BELLO
640 720 943 806 GALLIOO.

509 949 722 990 -ωβοζομ-

444 1077 649 1168 LIBER
690 1077 778 1166 IV.

237 1284 262 1341 1.
285 1283 343 1355 En,
369 1303 435 1360 quoe
464 1290 569 1343 secuta
596 1290 651 1355 est,
678 1284 785 1354 hieme,
810 1283 862 1358 qui
890 1284 948 1341 fuit
976 1301 1074 1342 annus

197 1361 292 1421 Oneio
309 1363 464 1440 Pompeio,
480 1365 585 1423 Marco
601 1365 712 1422 Crasso
730 1364 913 1434 consulibua,
930 1364 1074 1439 Usipetes

196 1441 340 1501 Germani
364 1450 395 1501 et
409 1444 481 1501 item
503 1444 642 1501 Tencteri
663 1461 865 1518 magnacum
880 1442 1075 1500 multitudine

196 1521 354 1581 homiuum
375 1523 485 1581 flumen
507 1523 650 1581 Rhenum
666 1523 860 1592 transierunt,
877 1540 938 1579 non
951 1522 1040 1597 longe
1057 1541 1074 1580 a

163 1603 282 1673 limari,
304 1621 362 1678 quo
385 1604 513 1661 Rhenus
535 1602 642 1661 influit.
686 1604 788 1661 Causa
810 1601 986 1660 transeundi
1008 1602 1073 1673 fuit,

196 1683 276 1757 quod
302 1684 340 1740 ab
366 1682 477 1740 Suavis
501 1683 669 1758 complures
697 1699 792 1739 annos
820 1681 968 1756 exagitati
995 1682 1074 1739 bello

196 1763 411 1837 premebantur
425 1770 456 1820 et
476 1762 662 1838 agricultura
677 1762 920 1836 prohibebantur.
964 1759 1075 1820 Suevo-

197 1858 263 1898 rum
285 1860 360 1916 gens
381 1848 428 1900 est
443 1843 532 1918 longe
554 1843 685 1900 maxima
706 1848 736 1899 et
750 1840 981 1899 bellicosissima
1004 1841 1075 1899 Ger·

197 1937 353 1978 manorum
369 1923 511 1980 omnium.
549 1922 591 1980 Ili
606 1927 726 1979 centum
740 1938 836 1996 pagos
851 1921 960 1978 habere
975 1920 1075 1978 dicuu-

146 2001 181 2059 10
196 2006 254 2071 tur,
270 2019 306 2058 ex
327 2003 436 2077 quibus
458 2003 621 2077 quotannis
643 2001 763 2075 singula
785 2001 868 2057 milia
890 2009 1073 2058 armatorum

195 2080 326 2138 bellandi
355 2099 446 2138 causa
474 2099 512 2139 ex
540 2082 648 2138 finibus
677 2081 817 2138 educunt.
861 2080 992 2154 Reliqui,
1022 2080 1072 2154 qui

196 2160 278 2218 domi
299 2167 483 2231 manserunt,
507 2180 539 2220 se
567 2168 657 2237 atque
678 2160 746 2216 illos
768 2160 861 2218 alunt.
906 2160 947 2216 Hi
969 2177 1074 2216 rursus

196 2239 227 2296 in
239 2240 334 2297 vicem
346 2258 425 2298 auno
436 2247 506 2316 post
517 2242 547 2297 in
559 2241 651 2298 armis
661 2247 747 2316 sunt3
761 2240 804 2296 illi
815 2239 896 2297 domi
908 2244 1072 2297 remanent.

199 2319 248 2377 Sic
271 2337 366 2395 neque
388 2321 574 2395 agricultura
606 2338 660 2377 nec
684 2320 762 2376 ratio
786 2326 876 2394 atque
902 2337 975 2376 usus
1003 2319 1073 2376 belli

148 2398 181 2456 15
197 2398 416 2457 intermittitur.
454 2400 514 2458 Sed
525 2400 637 2476 privati
653 2417 687 2456 ac
698 2400 830 2475 separati
846 2399 911 2473 agri
927 2398 1006 2474 apud
1021 2417 1073 2456 eos

196 2478 271 2535 nihil
286 2485 351 2552 ost;
373 2497 469 2554 neque
484 2479 605 2554 longius
620 2496 698 2536 anno
712 2496 866 2536 remanere
882 2497 942 2534 uno
957 2479 987 2535 in
1007 2478 1074 2536 loco

197 2558 347 2617 incolendi
361 2577 453 2616 causa
467 2558 545 2617 licet.
582 2559 688 2634 Neque
704 2559 833 2615 multum
849 2559 1007 2629 frumento,
1020 2559 1073 2616 sed

197 2638 360 2696 maximam
385 2645 502 2713 partem
525 2640 602 2696 lacte
626 2647 717 2713 atque
740 2655 845 2712 pecore
869 2639 985 2709 vivunt,
1001 2637 1074 2694 mul-

196 2724 321 2793 tumque
336 2724 408 2774 sunt
419 2718 450 2774 in
461 2719 687 2791 venationibus;
706 2736 772 2792 quae
784 2735 832 2774 res
843 2724 873 2775 et
885 2718 944 2774 cibi
963 2735 1074 2793 genere

142 2799 181 2856 20
196 2805 227 2855 et
247 2797 423 2872 quotidiana
443 2798 655 2856 exercitatione
680 2805 712 2855 et
732 2798 871 2855 libertate
894 2796 963 2855 vita>
980 2796 1073 2872 (quod

197 2897 215 2934 a
228 2878 330 2952 pueris
344 2877 428 2934 nullo
443 2878 538 2936 officio
560 2884 613 2934 aut
628 2877 788 2952 disciplina
810 2877 980 2947 assuefacti,
998 2877 1073 2933 nihil

196 2957 318 3015 omnino
346 2963 451 3014 contra
477 2957 664 3014 voluntatem
693 2957 829 3028 faciant),
858 2963 889 3014 et
918 2957 997 3012 vires
1018 2957 1075 3013 alit

196 3043 227 3095 et
255 3037 379 3093 immani
401 3053 557 3111 corporum
580 3036 791 3110 magnitudine
815 3034 953 3092 homines
976 3035 1072 3093 efficit.

197 3118 300 3190 Atque
327 3117 359 3172 in
384 3134 451 3173 eam
481 3134 513 3190 sa
538 3115 783 3173 consuetudinem
815 3116 1014 3182 adduxerunt,
1040 3121 1074 3172 ut

142 3196 270 3253 atrocis
304 3195 510 3269 frigidissimis
546 3213 642 3269 neque
675 3195 805 3252 vestitus
839 3203 947 3270 praeter
980 3193 1074 3269 pelles

198 3275 330 3332 habeant
358 3275 518 3349 quicquam
549 3275 691 3348 (quarum
726 3279 849 3349 propter
875 3274 1073 3348 exiguitatem

196 3371 308 3427 magna
334 3361 382 3410 est
408 3353 542 3428 corporis
569 3371 641 3428 pars
669 3357 799 3430 aperta),
822 3359 853 3410 et
873 3353 1015 3411 laventur
1042 3353 1073 3410 iu

196 3432 379 3489 fluminibus,

887 3521 955 3588 (⁷2)
