2548 3774
491 325 605 373 nrnna
629 326 819 374 snrrruus.
1061 314 1122 378 163

187 484 332 554 perpetuo
346 482 428 534 esset
442 476 550 534 iisdem
565 476 597 533 in
607 476 687 534 vallo
701 477 936 552 permanendum
949 496 955 549 ;
971 477 1069 534 multi·

187 559 295 616 tudine
311 557 494 631 sagittarum
517 562 608 631 atque
630 556 710 614 omni
726 573 835 630 genere
850 558 978 614 telorum
995 557 1069 614 mul-

186 641 236 694 tos
247 637 422 694 vulneratos
434 657 441 708 3
457 636 494 693 ad
508 635 570 693 haec
584 634 760 693 sustinenda
772 653 883 710 magno
895 636 961 692 usui
975 637 1068 694 luisse

187 722 357 790 tormenta3
380 716 508 773 Fabium
531 716 667 773 discessu
691 733 794 772 eorum
816 716 933 773 duobus
955 715 1068 774 relictis

185 797 291 873 portis,
307 797 463 853 obstruere
483 801 597 853 ceteras
617 795 795 871 pluteosque
811 796 891 853 vallo
906 795 1016 853 addere
1038 802 1068 854 et
1103 795 1120 852 5

186 895 219 934 se
235 877 265 934 in
280 882 437 952 posterum
450 875 530 932 diem
546 875 675 932 similem
691 874 729 932 ad
743 892 846 931 casum
862 893 977 950 parare.
1008 876 1069 934 His

154 953 156 957 ’
187 957 279 1014 rebus
302 955 434 1030 cognitis
451 955 554 1013 Oaesar
576 971 694 1011 summo
719 954 818 1012 studio
841 954 973 1012 militum
997 961 1068 1013 ante

186 1042 286 1093 ortum
302 1035 375 1093 solis
390 1035 420 1091 in
435 1049 538 1092 eastra
551 1034 697 1110 pervenit.

226 1118 272 1172 42.
298 1116 379 1172 Dum
398 1113 461 1172 haec
482 1114 521 1171 ad
537 1113 719 1189 Gergoviam
735 1119 886 1188 geruntur,
903 1113 996 1171 AEdui
1011 1115 1069 1188 pri·

187 1196 246 1252 mis
262 1195 381 1252 nunciis
396 1195 434 1250 ab
450 1191 588 1251 Litavico
601 1193 733 1268 acceptis
744 1193 860 1250 nullum
872 1193 929 1250 sibi
945 1194 983 1251 ad
999 1212 1066 1269 cog·
1084 1196 1120 1254 10

187 1275 373 1332 noscendum
389 1273 523 1348 spatium
535 1273 715 1347 relinquunt.
758 1271 892 1348 Impellit
906 1274 982 1330 alios
998 1292 1067 1331 ava·

187 1355 265 1424 ritia,
283 1354 358 1411 alios
380 1353 535 1410 iracundia
557 1357 588 1410 et
610 1352 774 1421 temeritas,
790 1371 856 1427 quae
872 1353 1002 1411 maxime
1025 1354 1067 1412 illi

188 1433 345 1492 hominum
369 1432 470 1507 generi
493 1436 541 1490 est
569 1432 682 1502 innata,
706 1438 741 1488 ut
762 1433 860 1490 levem
882 1433 1064 1490 auditionem

187 1513 319 1572 habeant
333 1530 387 1589 pro
401 1530 432 1569 re
447 1517 608 1588 comperta.
637 1511 725 1570 Bona
736 1512 847 1569 civium
860 1513 1067 1570 Romanorum

187 1594 342 1668 diripiunt,
359 1593 455 1650 caedes
477 1592 601 1664 iaciunt,
624 1591 655 1648 in
677 1592 856 1649 servitutem
877 1592 1064 1651 abstrahunt.
1083 1593 1118 1652 15

188 1674 326 1747 Adjuvat
340 1691 403 1730 rem
415 1673 614 1748 proclinatam
627 1671 880 1730 Convictolitavis
891 1672 1067 1747 plebemque

189 1753 371 1810 adiutorem
393 1751 527 1827 impellit,
544 1757 578 1809 ut
592 1751 721 1809 facinore
744 1751 877 1809 admisso
899 1752 937 1809 ad
959 1753 1068 1809 sanita-

188 1839 249 1890 tem
273 1832 384 1889 reverti
409 1833 530 1908 pudeat.
573 1829 710 1889 Marcum
736 1831 886 1890 Aristium
913 1832 1068 1889 tribunum

189 1912 319 1974 militum
342 1912 399 1969 iter
424 1912 462 1970 ad
485 1911 636 1986 legionem
660 1911 827 1981 facientem,
851 1911 907 1968 lide
937 1912 1009 1969 data
1031 1929 1068 1968 ex

189 1992 299 2068 oppido
316 1991 473 2050 Cabillono
494 1992 640 2049 educunt:
661 1991 740 2047 idem
757 1991 852 2048 iacere
874 1997 987 2066 cogunt
1007 2009 1067 2062 eos,
1083 1991 1121 2049 ⁴20

189 2072 239 2147 qui
258 2070 430 2145 negotiandi
445 2088 536 2128 causa
551 2070 591 2128 ibi
608 2070 814 2128 constiterant.
846 2071 913 2128 Hos
928 2071 1071 2128 continuo

190 2151 221 2208 in
235 2151 341 2208 itinere
357 2151 455 2207 adorti
470 2151 609 2208 omnibus
630 2150 853 2224 impedimentis
874 2157 1006 2224 exuunt3
1028 2168 1070 2207 re-

190 2237 364 2306 pugnantes
378 2230 456 2287 diem
472 2235 650 2305 noctemque
667 2230 825 2303 obsident;
847 2231 951 2288 multis
966 2230 1069 2288 utrim-

190 2329 247 2385 que
275 2310 440 2367 interieetis
467 2311 610 2384 majorem
638 2309 861 2367 multitudinem
884 2315 1069 2368 armatorum

190 2389 350 2447 concitant.
1083 2387 1119 2446 25

232 2473 278 2528 43.
302 2468 429 2528 Interim
441 2469 550 2527 nuncio
563 2468 663 2538 allato,
674 2486 779 2527 omnes
793 2487 897 2526 eorum
912 2469 1023 2527 milites
1037 2469 1069 2526 in

190 2554 343 2625 potestate
368 2548 496 2607 Caesaris
517 2548 621 2616 teneri,
637 2555 819 2606 concurrunt
838 2549 876 2606 ad
901 2549 1069 2623 Aristium

191 2628 267 2686 nihil
282 2628 404 2705 publico
418 2628 530 2686 iactum
542 2626 667 2686 consilio
682 2628 910 2702 demonstrant3
932 2629 1070 2704 quaestio·

192 2726 262 2766 uem
286 2709 323 2766 de
340 2708 428 2766 bonis
442 2707 567 2783 direptis
582 2708 764 2781 decernunt3
786 2707 917 2766 Litavici
932 2709 1070 2766 fratrum-

191 2807 250 2866 que
271 2789 352 2846 bona
371 2787 543 2864 publicant3
567 2786 686 2860 legatos
704 2787 746 2844 ad
763 2787 914 2845 Caeearem
936 2789 982 2844 sui
1002 2805 1070 2863 pur·
1083 2787 1120 2844 30

192 2868 287 2944 gandi
302 2868 402 2944 gratia
415 2866 547 2924 mittunt.
584 2866 659 2924 Haec
671 2867 785 2924 faciunt
798 2867 1069 2942 recuperandorum

191 2966 316 3006 suomm
342 2964 448 3004 causa:
481 2946 533 3003 sed
557 2947 756 3003 contaminati
781 2948 911 3004 facinore
936 2952 967 3003 et
989 2946 1069 3022 capti

192 3027 371 3102 compendio
392 3045 429 3083 ex
443 3025 570 3101 direptis
584 3026 680 3096 bonis
697 3026 776 3101 quod
791 3044 827 3083 ea
842 3044 889 3083 res
905 3026 942 3083 ad
958 3025 1070 3083 multos

192 3107 370 3184 pertinebat,
386 3112 418 3163 et
431 3107 537 3163 timore
548 3123 643 3182 poenae
655 3105 797 3171 exterriti,
807 3105 933 3163 consilia
944 3105 1020 3163 clam
1033 3106 1069 3163 de

193 3187 273 3245 bello
283 3187 363 3243 'inire
378 3185 527 3260 incipiunt
547 3185 746 3261 civitatesque
760 3185 891 3260 reliquas
912 3185 1070 3260 legationi·
1085 3185 1120 3242 35

194 3268 251 3325 bus
277 3266 449 3324 sollicitant.
502 3265 575 3338 Quae
600 3266 722 3322 tametsi
748 3264 849 3323 Ceasar
871 3265 1069 3340 intelligebat,

194 3354 294 3405 tamen
308 3363 396 3421 quam
412 3345 573 3402 mitissime
586 3350 689 3421 potest
703 3345 820 3418 legatos
833 3345 979 3421 appellat:
996 3345 1069 3403 nihil

195 3445 227 3485 se
249 3433 372 3502 propter
394 3425 585 3484 inscientiam
608 3425 823 3500 levitatemque
840 3425 923 3500 vulgi
946 3425 1072 3500 gravius

195 3507 232 3565 de
248 3507 374 3566 civitate
383 3505 527 3580 judicare,
538 3523 633 3581 neque
649 3504 686 3562 de
701 3522 756 3562 sua
771 3505 801 3561 in
815 3505 933 3562 AEduos
948 3503 1073 3561 benevo-
