2548 3774
181 295 245 359 104
459 309 506 357 na
531 311 653 358 nanno
679 310 853 359 axnarco.

233 459 366 520 hibernis
381 459 491 517 milites
507 461 614 519 autad
631 460 807 518 Ciceronem
823 460 930 517 autad
946 461 1112 521 Labienum

233 541 388 611 deducere,
405 557 531 614 quorum
547 541 622 597 alter
636 540 721 597 milia
734 557 879 616 passuum
895 541 1012 598 circiter
1026 543 1111 618 quin-

233 620 391 696 quaginta,
403 619 479 676 alter
493 621 583 696 paulo
599 620 729 695 amplius
744 619 782 676 ab
796 620 844 677 his
860 619 948 678 absit.
983 620 1064 679 Illud
1078 639 1110 681 se

231 700 367 775 polliceri
389 705 421 756 et
437 700 632 774 jurejurando
657 699 841 770 confirmare,
860 705 960 756 tutum
982 701 1039 757 iter
1059 717 1112 776 per

200 780 307 841 blines
333 796 404 836 suos
428 780 588 853 daturum,
617 780 697 853 quod
722 798 789 837 cum
814 779 913 849 faciat,
936 787 968 836 et
995 780 1111 838 civitati

233 875 299 916 sese
314 858 477 927 consulere,
493 859 574 933 quod
592 858 725 916 hibernis
739 859 863 929 levetur,
880 865 911 916 et
927 858 1041 917 Caesari
1057 875 1111 935 pro

233 941 297 1014 ejus
312 939 428 996 meritis
442 939 575 1013 gratiam
589 939 727 996 referre.''
770 939 838 996 Hac
860 940 994 996 oratione
1009 940 1112 997 habita

234 1019 364 1076 discedit
378 1017 544 1076 Ambiorix.

274 1101 320 1156 28.
344 1098 510 1173 Arpineius
522 1104 553 1155 et
564 1097 586 1156 J
589 1098 679 1154 unius
690 1115 756 1172 quae
767 1098 929 1156 audierunt
941 1098 979 1157 ad
994 1098 1112 1174 legatos

184 1182 218 1238 10
232 1178 379 1236 defernnt.
423 1177 472 1234 Illi
487 1178 645 1252 repentina
661 1195 692 1235 re
707 1179 883 1253 perturbati,
899 1179 958 1237 etsi
974 1178 1011 1235 ab
1025 1179 1112 1236 hoste

233 1276 270 1315 ea
285 1258 470 1328 dicebantur,
487 1274 546 1315 non
561 1263 664 1315 tamen
679 1257 861 1332 negligenda
881 1259 1111 1316 existimabant:

233 1338 423 1413 maximeque
445 1337 502 1394 bac
523 1354 554 1395 re
575 1339 837 1413 permovebantur,
853 1339 933 1414 quod
954 1338 1110 1395 civitatem

235 1417 397 1491 ignobilem
427 1423 518 1492 atque
546 1417 691 1474 humilem
719 1417 895 1476 Eburonum
924 1436 981 1475 sua
1005 1425 1113 1494 sponte

233 1497 344 1572 populo
366 1497 505 1555 Romano
527 1497 638 1554 bellum
657 1497 753 1554 lacere
775 1514 881 1554 ausam
897 1498 948 1556 vix
968 1505 1033 1555 erat
1053 1516 1113 1555 cre·

185 1581 218 1639 15
234 1577 373 1633 dendum.
416 1576 525 1652 Itaque
548 1576 586 1634 ad
609 1577 767 1634 consilium
791 1594 853 1634 rem
868 1577 1006 1634 deserunt
1029 1595 1111 1652 mag·

233 1674 330 1731 naque
345 1656 484 1713 intereos
496 1656 617 1714 exsistit
626 1657 837 1714 controversia.
868 1657 983 1714 Lucius
993 1657 1112 1714 Aurun-

235 1736 348 1793 culeius
370 1737 595 1812 compluresque
610 1737 722 1793 tribuni
744 1736 874 1793 militum
895 1743 926 1794 et
945 1738 1111 1812 primorum

234 1816 372 1873 ordinum
395 1817 584 1873 centuriones
606 1816 680 1872 nihil
703 1822 816 1873 temere
839 1817 998 1890 agendum,
1016 1834 1111 1892 neque

234 1913 271 1952 ex
293 1895 426 1952 bibernis
448 1896 563 1970 injussu
580 1895 709 1955 Caesaris
724 1896 945 1967 discedendum,
961 1896 1113 1953 existima-

182 1979 219 2035 20
235 1974 327 2032 bant:
350 1976 529 2050 quantasvis
552 1977 653 2050 copias
675 1976 767 2033 etiam
783 1975 1002 2034 Germanorum
1025 1976 1113 2033 susti-

234 2055 298 2111 neri
318 2072 407 2130 posse
422 2055 547 2112 munitis
561 2055 695 2113 hibernis
710 2056 875 2114 docebant:
897 2073 959 2112 rem
974 2073 1040 2113 esse
1055 2061 1112 2112 tes·

234 2134 370 2204 timonio,
396 2136 475 2209 quod
503 2135 634 2210 primum
663 2135 796 2193 hostium
824 2137 978 2211 impetum,
1006 2135 1111 2192 multis

236 2215 316 2280 ultro
339 2213 514 2272 vulneribus
536 2215 638 2285 illatis,
654 2215 819 2272 fortissime
842 2214 1057 2272 sustinuerint:
1080 2233 1110 2271 re

234 2293 433 2351 frumentaria
453 2312 512 2351 non
532 2295 644 2371 premi:
665 2295 781 2352 interea
801 2301 832 2351 et
852 2312 888 2351 ex
909 2295 1054 2370 proximis
1069 2294 1111 2351 bi·

182 2376 219 2433 25
235 2373 335 2430 bernis
355 2379 387 2431 et
408 2373 559 2432 aansare
581 2381 767 2432 conventura
785 2374 936 2432 subsidia:
958 2383 1111 2449 postremo

234 2453 386 2529 quidesse
402 2453 498 2510 levius
513 2460 566 2511 aut
580 2455 699 2529 turpius
711 2472 811 2529 qnam,
827 2460 947 2512 auctore
963 2454 1057 2524 hoste,
1074 2454 1111 2511 de

234 2534 361 2591 summis
377 2534 467 2590 rebus
483 2551 587 2607 capere
602 2532 781 2591 consilium?

275 2616 320 2670 29.
345 2611 459 2670 Contra
479 2631 516 2668 ea
531 2613 668 2670 Titurius
689 2631 755 2671 sero
777 2614 909 2670 facturos
924 2611 1110 2682 clamitabat,

234 2710 303 2752 cum
326 2693 454 2765 majores
480 2692 611 2750 hostium
641 2711 750 2750 manus
778 2693 928 2767 adjunctis
952 2692 1111 2750 Germanis

182 2775 220 2834 30
235 2772 466 2844 convenissent;
489 2780 622 2829 autenm
639 2773 754 2846 aliquid
771 2773 956 2830 calamitatis
971 2773 1001 2828 in
1015 2773 1112 2848 proxi·

234 2852 292 2910 mis
321 2851 453 2908 hibernis
481 2858 562 2909 esset
590 2858 762 2927 acceptum
789 2853 909 2909 brevem
937 2852 1112 2908 consulendi

234 2949 302 2991 esse
324 2931 528 2988 occasionem:
560 2930 711 2989 Caesarem
733 2932 871 2988 arbitrari
892 2932 1059 3006 profectum
1080 2932 1111 2987 in

235 3011 378 3084 Italiam;
407 3027 503 3085 neque
532 3010 619 3067 aliter
647 3011 797 3069 Carnutes
820 3010 1015 3068 interficiendi
1041 3011 1112 3068 Tas·

236 3091 311 3166 getii
326 3089 486 3147 consilium
508 3090 601 3148 fuisse
623 3098 773 3166 capturos,
790 3109 885 3166 neque
905 3090 1070 3158 Eburones,
1086 3089 1112 3146 si

182 3173 220 3231 35
235 3170 286 3227 ille
312 3170 439 3239 adesset,
467 3175 553 3226 tanta
578 3171 799 3244 contemptione
828 3170 925 3226 nostri
950 3170 988 3226 ad
1013 3175 1112 3227 castra

238 3256 381 3307 venturos
396 3266 462 3306 esse
475 3270 482 3322 ;
503 3267 562 3305 non
579 3248 697 3306 hostem
713 3259 874 3320 auctorem,
890 3250 943 3306 sed
956 3264 1018 3306 rern
1033 3267 1113 3323 spec·

235 3335 317 3402 tare;
339 3329 463 3385 subesse
485 3327 644 3401 Rhenum3
665 3347 776 3403 magno
797 3348 864 3386 esse
888 3328 1048 3387 Germanis
1062 3328 1113 3386 do-
1158 3377 1160 3381 ,

236 3406 291 3462 lori
313 3407 464 3463 Ariovisti
489 3414 616 3463 mortem
639 3413 671 3465 et
691 3409 860 3482 superiores
880 3414 1000 3465 nostras
1021 3409 1112 3465 victo-

236 3483 314 3541 rias:
337 3485 440 3541 ardere
463 3485 593 3542 Galliam
616 3490 664 3543 tot
687 3488 878 3544 contumeliis
903 3489 1035 3562 acceptis
1056 3486 1113 3544 sub
