2548 3774
167 273 229 338 160
436 289 482 334 nn
507 288 628 336 annno
654 289 830 336 satureo,

216 439 388 512 videretur;
420 457 517 513 neque
546 438 640 495 ullum
669 438 730 496 fere
758 439 838 496 diem
865 439 1093 513 intermittebat,

214 519 288 594 quin
302 520 435 594 equestri
457 519 573 594 proelio,
589 519 755 592 interjectis
777 519 955 592 sagittariis,
972 520 1043 594 quid
1065 521 1095 580 in

213 617 331 674 quoque
353 603 434 655 esset
456 599 549 655 animi
571 616 606 655 ac
623 598 746 655 virtutis
768 615 900 668 suorum,
916 598 1095 674 periclitare·

213 683 270 736 tur.
307 677 384 735 Erat
398 697 414 735 e
428 678 550 752 regione
566 678 669 752 oppidi
684 678 768 735 collis
784 678 839 734 sub
855 678 929 751 ipsis
943 678 1094 738 radicibus

179 759 197 816 5
213 758 334 830 montis,
345 759 466 832 egregie
478 758 613 814 munitus
628 764 718 832 atque
732 776 770 814 ex
784 758 864 814 omni
876 763 960 832 parte
972 758 1094 818 eircum-

211 838 312 911 eisus;
328 856 416 913 quem
433 837 458 894 si
472 842 610 894 tenerent
624 837 729 906 nostri,
739 842 770 894 et
781 855 865 911 aquae
880 855 994 911 magna
1007 846 1092 912 parte

210 923 242 975 et
255 918 449 993 pabulatione
464 917 559 974 libera
572 916 752 991 prohibituri
774 916 879 974 hostes
893 917 1091 990 videbantur,

211 999 265 1054 sed
281 997 405 1054 islocus
419 997 558 1072 prasidio
573 996 612 1053 ab
627 996 674 1054 his
689 1014 750 1054 nou
766 995 855 1053 nimis
871 995 955 1053 firmo
970 999 1091 1054 teneba-
1181 1003 1184 1008 '

211 1082 276 1134 tur:
292 1083 395 1134 tamen
410 1076 531 1134 silentio
546 1076 643 1132 noctis
653 1075 756 1134 Caesar
769 1094 807 1132 cx
817 1076 924 1133 castris
939 1094 1088 1151 egressus,

160 1159 194 1215 10
210 1157 386 1231 priusquam
402 1157 537 1213 subsidio
558 1173 595 1212 ex
610 1156 720 1232 oppido
735 1156 831 1211 veniri
845 1160 959 1230 posset,
975 1156 1090 1230 dejecto

209 1236 357 1311 praesidio,
380 1237 497 1310 potitus
518 1236 592 1305 loce,
609 1235 685 1292 duas
707 1235 749 1292 ibi
773 1235 907 1309 legiones
929 1236 1090 1294 collocavit

208 1317 380 1390 fossamque
395 1315 544 1389 duplicem
560 1315 732 1372 duodenum
753 1315 862 1389 pedum
885 1334 903 1371 a
924 1315 1089 1388 maj0ribus

206 1396 316 1452 eastris
341 1396 379 1452 ad
403 1394 519 1452 minora
543 1394 691 1468 perduxit,
715 1400 749 1450 ut
773 1400 840 1451 tuto
866 1395 904 1450 ab
931 1395 1088 1469 repentino

207 1473 340 1532 hostium
357 1475 479 1531 incursu
493 1475 585 1531 etiam
601 1474 713 1548 singuli
728 1491 894 1532 commeare
909 1481 1041 1549 possent.

109 1593 114 1606 .
157 1554 191 1611 15
246 1556 291 1614 37.
316 1553 397 1611 Dum
412 1553 474 1611 haec
490 1554 528 1610 ad
540 1553 722 1628 Gergoviam
734 1559 887 1627 geruntur,
903 1553 1087 1612 Convictoli-

206 1635 286 1690 tavis
298 1633 426 1702 AEduuS,
436 1634 483 1691 eui
497 1633 708 1706 magistratum
720 1633 924 1706 adjudicatum
937 1652 954 1690 a
967 1633 1086 1692 Caesare

207 1713 490 1782 demonstravimus,
515 1713 696 1770 sollicitatus
725 1712 762 1768 ab
791 1713 938 1770 Arvernis
958 1714 1087 1788 pecunia

206 1810 273 1849 cum
294 1792 474 1868 quibusdam
496 1792 738 1850 adolescentibus
753 1792 941 1865 colloquitur,
957 1810 1086 1866 quorum

205 1879 271 1929 erat
291 1873 429 1948 prinecps
454 1871 611 1929 Litavieus
635 1879 724 1946 atque
747 1873 811 1945 ejus
832 1872 948 1942 fratres,
965 1873 1086 1946 amplis·
1177 1930 1181 1935 ,

153 1952 190 2008 20
206 1952 282 2008 sima
296 1951 410 2008 familia
431 1952 494 2008 nati
516 1951 729 2008 adolescentes.
774 1949 850 2008 Cum
866 1951 913 2008 his
926 1952 1085 2026 premium

204 2031 405 2089 communicat
428 2030 633 2106 hortaturque,
656 2036 691 2087 ut
713 2048 744 2087 se
767 2029 880 2087 liberos
903 2037 934 2086 et
958 2031 1085 2106 imperio

204 2117 293 2168 natos
307 2110 514 2168 meminerint:
536 2128 628 2166 unam
650 2109 904 2176 csseAEduornm
919 2110 1082 2180 civitatem,

204 2190 490 2266 quaecertissimam
517 2189 622 2247 Galliae
648 2189 803 2246 victoriam
829 2189 990 2261 distineat3
1018 2191 1084 2264 ejus

204 2270 382 2327 auctoritate
397 2268 528 2343 reliquas
543 2269 703 2341 contineri;
725 2286 784 2344 qna
795 2269 971 2326 transducta
983 2269 1084 2326 locum

151 2350 187 2405 25
203 2349 385 2407 consistendi
407 2347 556 2406 Romanis
576 2349 606 2405 in
629 2348 729 2406 Gallia
749 2365 808 2412 non
823 2349 901 2406 fore:
923 2366 990 2404 esse
1011 2367 1082 2406 non·

204 2429 286 2486 nulle
312 2447 343 2486 se
368 2429 497 2488 Caesaris
518 2427 660 2485 beneficio
683 2427 830 2497 affectum,
849 2428 892 2484 sie
912 2433 1024 2498 tamen,
1047 2435 1083 2486 nt

205 2509 409 2583 justissimam
425 2507 505 2582 apud
520 2525 588 2564 eum
604 2524 726 2564 cansam
741 2508 922 2580 obtinuerit3
944 2508 996 2564 sed
1011 2508 1082 2582 plus

202 2588 352 2645 communi
373 2587 504 2644 libertati
518 2587 666 2643 tribuere:
689 2604 741 2644 cur
761 2587 841 2643 enim
862 2587 965 2661 potius
988 2587 1081 2644 AEdui

201 2668 238 2725 de
253 2685 307 2725 suo
317 2669 383 2741 jure
398 2666 479 2724 etde
495 2666 612 2740 legibus
627 2666 665 2722 ad
679 2665 828 2724 Caesarem
840 2666 1080 2740 disceptatorem,

149 2749 186 2804 30
201 2765 292 2822 quam
307 2745 441 2804 Romani
462 2746 500 2803 ad
522 2745 640 2802 AEduos
663 2743 809 2802 veniant?
852 2745 996 2802 Celeriter
1010 2745 1079 2802 ado·

201 2827 383 2884 lescentibus
407 2829 439 2881 ct
463 2825 597 2882 oratione
620 2825 818 2898 magistratus
840 2831 870 2880 et
890 2825 1010 2898 praemio
1032 2826 1070 2882 de

202 2906 309 2975 ductis
325 2923 393 2964 cum
415 2921 446 2961 se
463 2904 508 2960 vel
530 2905 678 2980 principes
694 2906 757 2977 ejus
779 2904 895 2962 consilii
911 2903 972 2960 iore
997 2904 1080 2979 proli·

201 2991 344 3056 terentur,
354 2982 432 3041 ratio
443 2983 613 3059 perficiendi
625 2985 820 3058 querebatur,
831 2983 910 3058 quod
922 2983 1077 3040 civitatem

201 3072 313 3123 temere
338 3065 376 3121 ad
399 3063 622 3136 suscipiendum
646 3063 757 3120 bellurn
780 3063 887 3120 adduci
907 3080 996 3136 posse
1018 3081 1077 3121 non

149 3145 186 3202 35
202 3144 397 3200 confidebant.
441 3142 568 3210 Placuit,
580 3143 625 3199 uti
641 3140 798 3200 Litavicus
813 3143 915 3200 decern
929 3142 989 3198 illis
1004 3143 1078 3204 mili·

202 3223 267 3290 bus,
283 3240 348 3296 quae
365 3221 476 3278 Caesari
491 3221 528 3278 ad
544 3221 655 3278 bellum
671 3222 869 3291 mitterentur,
878 3221 1078 3296 praeficeretur

201 3307 291 3375 atque
306 3318 342 3356 ea
362 3299 498 3357 ducenda
518 3307 644 3370 curaret,
660 3302 827 3376 fratresque
847 3303 911 3376 ejus
926 3301 963 3357 ad
981 3301 1078 3360 Oaesa·
1164 3358 1166 3362 .

201 3397 264 3435 rem
279 3383 498 3452 praeeurrerent.
531 3378 663 3456 Reliqua
684 3398 744 3457 qua
755 3382 869 3439 ratione
885 3380 935 3457 agi
949 3382 1077 3460 placeat,

201 3456 395 3516 constituunt.
