2562 3770
143 308 206 376 176
411 323 457 371 na
482 323 603 372 annno
628 323 803 373 osanreo

196 475 306 550 jugum
322 475 402 532 nacti
417 473 521 532 hostes
537 475 601 532 loco
616 475 789 549 depellunt;
811 474 962 550 fugientes
976 490 1075 550 usque

195 555 234 612 ad
250 553 368 624 flumen,
382 554 432 611 ubi
442 554 674 630 Vercingetorix
688 573 756 612 curn
772 554 962 630 pedestribus
976 555 1075 628 copiis

195 634 380 702 consederat,
395 643 616 710 persequuntur
633 636 862 710 compluresque
880 632 1072 691 interficiunt.

197 714 319 788 Quare
343 713 556 771 animadversa
577 714 693 789 reliqui,
718 732 754 770 ne
777 713 1074 783 circumvenirentur,

162 793 180 850 5
197 793 284 850 veriti
306 811 338 851 se
359 793 438 867 fugae
452 794 608 852 mandant.
653 793 804 852 Omnibus
824 794 898 851 locis
914 792 1083 850 tit'caedcs:

194 879 257 930 tres
266 873 547 931 nobilissimiAEdui
559 875 638 949 capti
652 874 689 931 ad
697 873 848 931 Caesarem
857 872 1076 948 perducuntur:

197 953 293 1012 (lotus
320 953 479 1028 prefectus
503 954 648 1028 equitum,
675 954 725 1029 qui
748 953 982 1010 controversiam
1007 969 1076 1010 cum

198 1032 434 1092 Convictolitavi
448 1034 594 1108 proximis
609 1033 741 1091 comitiis
754 1033 919 1105 habuerat3
934 1038 965 1088 et
980 1031 1078 1090 Gara·

196 1112 291 1181 rillus,
321 1113 372 1187 qui
401 1119 471 1187 post
499 1113 695 1170 defectionem
726 1112 857 1170 Litavici
884 1111 1078 1186 pedestribus

147 1193 182 1252 10
197 1192 293 1267 copiis
322 1192 496 1266 praesumam
529 1199 561 1250 et
590 1192 787 1267 Eporedorix,
816 1210 875 1277 quo
902 1192 977 1249 duce
1006 1197 1078 1248 ante

199 1272 364 1330 adventum
387 1271 518 1331 Caesaris
534 1272 628 1330 AEdui
651 1291 719 1330 cum
742 1271 892 1347 Sequanis
912 1271 990 1328 bello
1012 1288 1080 1327 con·
1178 1302 1183 1308 -

198 1352 367 1410 tenderant.

241 1435 286 1489 68.
310 1431 431 1506 Fugato
452 1432 536 1490 omni
557 1432 696 1506 equitatu
719 1431 949 1506 Vercingetorix
974 1429 1080 1504 copias

200 1528 281 1581 suas,
299 1518 332 1569 ut
352 1529 406 1587 pro
421 1512 529 1569 castris
544 1512 752 1580 collocaverat,
770 1511 908 1583 reduxit;
929 1509 1081 1586 protinus·

149 1597 185 1654 lb
200 1609 258 1666 qne
273 1591 420 1662 Alesiam,
436 1592 516 1667 quod
537 1597 585 1649 est
603 1591 745 1667 oppidum
762 1591 1005 1659 Mandubiorum,
1022 1589 1081 1646 iter

200 1671 296 1729 facere
319 1671 425 1746 coepit3
454 1671 649 1747 celeriterque
672 1671 889 1746 impedimenta
911 1688 948 1727 ex
970 1669 1080 1726 castris

201 1749 285 1808 educi
302 1756 379 1808 etse
395 1750 535 1826 subsequi
546 1752 646 1824 jussit.
691 1751 794 1809 Oaesar
809 1749 1033 1825 impedimentis
1050 1749 1081 1804 in

200 1829 372 1906 proximum
406 1830 513 1888 collem
542 1830 679 1889 deductis
706 1830 883 1904 duabusque
910 1828 1082 1903 legionibus

201 1910 341 1986 praesidio
362 1909 482 1980 relictis
498 1919 628 1978 secutae,
644 1915 790 1984 quantum
813 1909 872 1966 diei
894 1914 1014 1982 tempus
1035 1911 1083 1963 est

150 1994 187 2052 20
202 2008 335 2066 passum,
346 1989 463 2047 circiter
475 1990 572 2047 tribus
585 1990 705 2046 milibus
717 1988 848 2046 hostiurn
864 2006 901 2045 cx
915 1987 1083 2044 novissimo

203 2070 323 2144 agmine
338 2069 512 2138 intersectis
524 2070 619 2126 altero
631 2069 678 2126 die
690 2069 728 2126 ad
740 2069 878 2126 Alesiam
891 2073 991 2124 castra
1001 2066 1081 2123 iecit.

204 2150 367 2223 Perspecto
390 2149 473 2206 urbis
496 2149 557 2207 situ
579 2148 803 2224 perterritisque
832 2147 979 2215 hostibus
1003 2145 1085 2220 quod

203 2229 348 2304 equitatu,
371 2246 432 2303 qua
456 2229 583 2286 maxime
604 2235 689 2304 parte
714 2227 861 2285 exercitus
886 2226 1085 2296 confidebant,

204 2314 291 2365 erant
307 2308 395 2383 pulsi,
412 2309 592 2366 adhortatus
614 2308 652 2364 ad
674 2307 806 2364 laborent
823 2307 933 2363 milites
949 2305 1086 2362 Alesiam

153 2391 189 2448 25
205 2386 430 2446 circumvallare
452 2388 593 2445 instituit.
1082 2449 1085 2454 ,

246 2470 291 2525 69.
315 2466 419 2540 Ipsum
441 2473 507 2525 erat
528 2466 672 2541 oppidum
692 2467 723 2523 in
745 2465 819 2532 colle
841 2483 968 2534 summo,
985 2463 1090 2520 admo·

206 2548 278 2604 dum
304 2546 386 2603 edito
414 2545 490 2616 loco,
512 2552 547 2603 ut
571 2546 630 2603 nisi
653 2545 808 2603 obsidione
833 2544 999 2620 expugnari
1024 2560 1087 2599 uon

207 2643 298 2700 posse
312 2625 472 2683 videretur.
505 2625 598 2698 Cujus
613 2625 699 2682 collis
713 2625 830 2682 radices
845 2625 904 2680 duo
919 2624 1035 2680 duabus
1050 2639 1090 2678 ex

208 2705 347 2779 partibus
378 2703 502 2762 flumina
532 2704 720 2762 subluebant.
775 2705 857 2760 Ante
886 2703 916 2760 id
945 2702 1089 2778 oppidum

156 2787 193 2843 tu
208 2784 350 2860 planities
365 2783 482 2841 circiter
493 2785 577 2842 milia
589 2802 734 2859 passuum
750 2784 809 2840 tria
824 2784 854 2840 in
869 2782 1091 2856 longitudinem

209 2864 349 2940 patebat:
367 2864 491 2939 reliquis
507 2882 543 2921 ex
559 2865 698 2921 omnibus
713 2863 850 2938 partibus
865 2863 965 2931 oollae,
981 2861 1093 2918 medio·

211 2944 252 3001 cri
275 2945 429 3017 interjecto
452 2943 561 3019 spatio,
576 2943 642 3017 pari
666 2934 837 3000 altitudinis
860 2941 993 3014 fastigio,
1010 2939 1095 3016 oppi-

210 3024 282 3081 dum
304 3022 472 3097 cingebant.
517 3022 580 3080 Sub
595 3041 688 3091 muro,
705 3041 771 3096 quae
785 3040 857 3098 pars
878 3022 964 3078 collis
979 3020 1018 3077 ad
1034 3020 1094 3076 ori-

211 3108 310 3160 entem
334 3103 427 3159 solem
452 3102 615 3177 spectabat,
632 3102 711 3159 hunc
734 3120 853 3159 onlnem
875 3101 975 3158 locum
998 3099 1095 3173 copiae

161 3181 196 3240 st
214 3181 369 3238 Gallorum
386 3183 608 3254 compleverant
623 3182 795 3255 fossamque
816 3186 846 3238 et
863 3181 1024 3238 maceriam
1041 3196 1096 3234 sex

213 3258 244 3314 in
260 3258 447 3315 altitudinem
458 3260 568 3332 pedum
577 3261 793 3334 praeduxerant.
823 3260 897 3333 Ejus
908 3259 1097 3327 munitionis,

214 3353 279 3408 quae
308 3337 345 3392 ab
374 3336 521 3392 Romanis
548 3338 771 3408 instituebatur,
788 3339 931 3396 circuitus
955 3337 1098 3410 undecim

215 3412 330 3469 milium
352 3430 495 3486 passuum
517 3417 649 3473 tenebat.
694 3417 804 3475 Castra
824 3418 999 3492 opportunis
1022 3415 1099 3474 locis

216 3496 304 3548 erant
325 3491 426 3566 posita
449 3491 548 3566 ibique
568 3495 691 3551 castella
707 3497 816 3572 viginti
836 3498 896 3554 tria
917 3497 1015 3557 facta:
1036 3494 1099 3570 qui-
