2524 3776
151 307 193 371 ιθ
420 322 467 368 nn
493 321 613 367 senno
640 320 815 368 excursu.

202 471 359 530 voluntate
375 472 506 544 factum,
527 489 588 546 qua
598 489 636 529 cx
649 489 680 528 re
692 471 837 541 futurum,
850 470 894 527 uti
909 469 1005 528 totius
1017 470 1086 529 Gal-

201 552 247 609 liae
265 553 357 609 animi
381 570 399 608 a
422 569 454 608 se
478 557 694 608 averterentur.
760 551 834 608 Haec
856 569 923 608 cum
948 550 1084 626 pluribus

201 633 301 690 verbis
322 631 396 689 flens
418 649 436 688 a
458 632 577 691 Caesare
599 636 724 706 peteret,
743 630 846 689 Caesar
860 633 924 704 ejus
948 631 1084 688 dextram

201 713 338 787 prendit;
360 712 536 769 consolatus
551 717 649 786 rogat,
662 711 750 768 linem
764 712 870 768 orandi
880 711 989 768 faciat:
1004 711 1082 768 tanti

167 797 183 852 5
200 794 264 866 ejus
280 792 360 866 apud
383 810 414 849 se
430 792 561 866 gratiani
577 809 644 848 osse
659 791 802 860 ostendit,
819 797 853 848 ut
868 798 899 848 et
913 790 1084 867 reipublicae

199 871 341 949 injuriam
356 877 387 929 et
399 889 487 928 suum
503 872 635 930 dolorem
651 873 715 945 ejus
730 871 881 928 voluntati
897 889 931 930 aa·
945 871 1084 947 precibus

197 953 353 1010 condonet.
375 952 593 1026 Dumnorigem
606 953 644 1009 ad
654 969 685 1008 se
696 961 799 1024 vocat,
808 952 932 1009 fratrem
944 950 1084 1025 adhibet;

197 1050 263 1107 quae
279 1033 310 1089 in
324 1050 359 1089 eo
372 1033 581 1106 reprehendat,
593 1031 726 1089 ostendit
737 1052 743 1105 3
765 1050 831 1106 quae
844 1032 908 1107 ipse
920 1031 1080 1105 intelligat,

197 1129 262 1188 qua
284 1112 392 1168 civitas
414 1118 566 1188 queratur,
589 1112 748 1188 proponit,
771 1120 882 1182 monet,
907 1111 995 1170 utin
1016 1111 1082 1169 reli-

149 1194 181 1251 10
197 1209 290 1266 quum
306 1198 427 1266 tempus
443 1210 547 1250 omnes
562 1193 751 1268 suspiciones
767 1193 861 1266 vitet3
881 1192 1035 1267 praeterita
1049 1210 1081 1249 se

199 1271 354 1336 Divitiaco
375 1272 461 1329 fratri
489 1272 659 1330 condonare
688 1272 768 1329 dicit.
812 1272 996 1346 Dumnorigi
1017 1289 1082 1329 cus·

196 1353 283 1409 todes
297 1353 392 1426 ponit,
409 1357 451 1424 ut,
467 1371 533 1428 quae
549 1358 629 1428 agat,
643 1353 823 1428 quibuscum
838 1353 988 1428 loquatur,
1005 1353 1080 1411 scire

195 1431 300 1507 possit.

236 1514 281 1570 21.
305 1512 421 1570 Eodem
443 1512 491 1570 die
514 1513 552 1570 ab
573 1513 815 1589 exploratoribus
839 1513 949 1571 certior
980 1513 1078 1571 factus

145 1594 179 1650 lb
196 1591 300 1650 hostes
327 1593 385 1649 sub
413 1599 517 1651 monto
546 1594 719 1652 consedisse
753 1595 836 1650 milia
867 1611 1014 1670 passuum
1040 1593 1077 1650 ab

194 1672 290 1748 ipsius
310 1673 419 1730 castris
442 1679 528 1746 octo;
556 1674 655 1748 qualis
677 1679 759 1731 esset
781 1680 891 1730 natura
913 1674 1025 1731 montis
1046 1681 1078 1731 et

193 1752 292 1828 qualis
307 1753 339 1810 in
354 1753 481 1812 circuitu
496 1770 647 1825 aseensus,
671 1753 721 1829 qui
743 1760 966 1829 cognoscerent,
982 1753 1074 1812 misit.

195 1833 420 1892 Renunciatum
442 1840 498 1904 est,
520 1833 639 1891 facilem
665 1851 740 1892 esse.
783 1835 829 1890 De
857 1835 948 1890 tertia
969 1833 1077 1908 vigilia

194 1913 298 1972 Titum
314 1915 493 1984 Labienum,
510 1913 645 1988 legatum
660 1931 715 1988 pro
728 1919 863 1990 praetore,
874 1931 941 1971 oum
957 1914 1075 1971 duabus

142 1996 178 2052 20
193 1993 365 2068 legionibus
380 1995 463 2052 otiis
479 1994 614 2064 ducibus,
627 1994 678 2068 qui
693 1994 750 2050 iter
765 1999 979 2068 cognoverant,
996 2011 1076 2050 sum·

192 2091 276 2131 mum
292 2076 402 2149 jugum
424 2074 537 2131 montis
552 2075 714 2132 ascendere
730 2074 835 2149 jubet,
856 2075 929 2150 quid
943 2073 992 2131 sui
1007 2091 1076 2132 con·

193 2154 251 2212 silii
280 2154 329 2224 sit,
353 2154 493 2212 ostendit.
537 2154 609 2230 Ipse
638 2154 674 2211 de
699 2160 808 2230 quarta
833 2155 939 2230 vigilia
967 2155 1073 2216 eodem

192 2234 308 2306 itinere,
324 2253 383 2310 quo
405 2234 509 2292 hostes
525 2235 629 2303 ierant,
647 2234 686 2292 ad
707 2252 759 2292 eos
781 2234 936 2293 contendit
960 2235 1074 2310 equita·

192 2319 316 2390 tumque
332 2333 451 2373 omnem
473 2321 543 2373 ante
563 2333 595 2373 se
610 2315 713 2372 mittit.
756 2315 885 2372 Publius
901 2315 1072 2386 Considius,

139 2397 177 2455 25
192 2395 243 2470 qui
257 2395 298 2453 rei
314 2396 455 2454 militaris
476 2395 680 2471 peritissimus
702 2394 872 2455 habebatur
895 2401 927 2453 et
941 2396 972 2452 in
993 2413 1074 2455 exer·

191 2475 252 2532 citu
267 2474 356 2532 Lucii
379 2475 471 2534 Sullae
496 2483 527 2533 et
541 2481 648 2552 postea
668 2476 700 2533 in
722 2475 820 2534 Marci
840 2475 942 2534 Crassi
963 2475 1071 2548 fuerat,

191 2571 259 2612 cum
274 2555 514 2630 exploratoribus
529 2557 732 2630 praemittitur.

232 2637 277 2694 22.
301 2635 405 2693 Prima
419 2636 494 2706 luce,
508 2653 576 2694 cum
591 2654 729 2694 summus
744 2653 832 2693 mons
847 2654 864 2693 a
879 2634 948 2694 Tito
964 2635 1073 2694 Labie-

190 2731 229 2772 no
250 2720 410 2786 tenoretur,
433 2716 498 2791 ipse
521 2716 558 2773 ab
580 2715 715 2774 hostium
737 2717 845 2774 castris
868 2734 928 2774 non
948 2716 1072 2791 longius

137 2797 174 2854 30
189 2794 271 2852 mille
286 2801 317 2853 et
332 2797 507 2871 quingentis
524 2796 667 2872 passibus
689 2797 818 2867 abesset,
834 2814 940 2872 neque,
956 2802 991 2853 ut
1005 2814 1073 2872 pos·

188 2881 238 2932 tea
260 2893 297 2934 ex
318 2877 447 2952 captivis
468 2876 622 2952 comperit,
645 2881 699 2934 aut
720 2878 817 2952 ipsius
840 2877 989 2934 adventus
1017 2884 1072 2935 aut

189 2953 317 3013 Labieni
340 2957 479 3031 cognitus
488 2962 584 3014 esset:
605 2956 770 3015 Considius
788 2957 1012 3032 equoadmisso
1033 2958 1072 3015 ad

188 3052 258 3092 eum
280 3038 423 3094 accurrit:
445 3036 527 3105 dicit,
542 3043 677 3095 montem
691 3055 781 3113 quem
797 3055 815 3094 a
830 3037 967 3094 Labieno
988 3054 1073 3094 occu·

187 3115 254 3190 pari
270 3116 407 3186 voluerit,
427 3117 465 3174 ab
491 3116 632 3175 hostibus
656 3119 772 3192 tencri;
794 3117 824 3174 id
848 3134 880 3174 se
904 3134 922 3174 a
944 3116 1072 3176 Gallicis

135 3193 173 3250 35
189 3195 282 3252 armis
310 3203 400 3272 atqua
429 3196 602 3272 insignibus
631 3197 819 3273 cognovisse.
864 3196 968 3255 Caesar
997 3214 1071 3256 suas

188 3275 292 3350 copias
307 3277 338 3334 in
352 3277 523 3353 proximum
538 3277 644 3335 collem
660 3279 809 3347 subducit,
826 3277 922 3334 aciem
938 3277 1069 3336 iustruit.

188 3355 353 3427 Labienus,
369 3364 404 3415 ιιι
425 3363 492 3415 erat
512 3357 540 3414 ei
561 3366 744 3434 praeoeptum
760 3377 778 3415 a
794 3356 922 3428 Caesare,
938 3374 976 3414 ne
996 3375 1060 3433 proe

186 3435 261 3494 lium
282 3438 493 3509 committeret,
509 3437 569 3496 nisi
591 3438 686 3513 ipsius
707 3439 799 3515 copiae
820 3455 913 3514 prope
935 3437 1069 3496 hostium

186 3521 289 3575 castra
303 3518 376 3576 visa
387 3524 498 3590 essent,
509 3523 544 3575 ut
554 3518 686 3594 undique
697 3536 758 3577 uno
772 3524 908 3594 tempore
919 3517 952 3576 in
966 3517 1070 3580 hostes
