2524 3776
472 312 586 360 arana
610 311 774 362 carmus.
1047 294 1088 362 tl

155 479 242 522 anam
264 463 447 521 sententiam
468 463 621 540 perducta,
639 479 828 521 communem
850 461 1034 536 legationem

155 542 191 600 ad
207 543 348 601 Publium
362 543 506 602 Crassum
518 543 650 614 mittunt,
668 544 695 602 si
709 543 784 601 velit
799 559 871 600 suos
894 541 1033 618 recipere,

154 622 275 680 obsides
291 622 347 679 sibi
363 623 507 680 remittat.

195 705 219 760 9.
244 702 361 776 Quibus
382 702 523 760 derebus
545 701 648 761 Oaesar
669 701 706 759 ab
729 700 840 760 Crasso
854 701 962 759 certior
975 701 1035 759 fac-

153 786 211 850 tae,
228 782 309 856 quod
324 782 388 857 ipse
410 782 515 839 aberat
529 781 658 856 longius,
674 798 768 838 naves
783 781 903 838 interim
924 780 1033 856 longas

153 861 293 918 aedificari
309 861 340 918 in
355 860 475 919 flumine
492 861 694 936 Ligere,quod
709 859 807 918 influit
821 860 850 917 in
867 859 1030 932 Oceanum,

153 941 280 1013 remiges
301 959 338 998 ex
358 942 513 1017 provincia
530 940 656 1012 institui,
673 946 782 998 nautas
804 940 1033 1014 gubernatores·

151 1038 208 1094 que
229 1021 397 1095 comparari
414 1021 509 1096 jubet.
553 1020 612 1077 His
631 1020 722 1077 rebus
743 1019 877 1077 celeriter
891 1020 1032 1078 adminis-

153 1101 238 1157 tratis
261 1101 335 1175 ipse,
351 1118 418 1158 cum
437 1100 566 1176 primum
585 1116 637 1174 per
652 1099 722 1156 anni
736 1105 856 1176 tempus
869 1099 976 1173 potuit,
992 1100 1031 1158 ad

151 1180 314 1237 exercitum
329 1181 491 1238 contendit.
534 1179 646 1237 Veneti
668 1179 848 1254 reliquaque
869 1179 941 1236 item
960 1178 1031 1238 civi·
1047 1180 1083 1239 10

150 1263 239 1329 tates,
262 1261 384 1334 cognito
406 1259 535 1318 Oaesaris
557 1259 698 1330 adventu,
721 1258 810 1316 simul
831 1259 920 1334 quod,
938 1276 1031 1334 quan·

149 1343 214 1396 tum
234 1340 265 1396 in
288 1357 320 1396 se
341 1340 457 1396 facinus
479 1339 681 1407 admisissent,
700 1337 913 1413 intelligebant
936 1339 1031 1415 (lega-

149 1429 205 1487 toa,
228 1419 308 1494 quod
337 1436 446 1476 nomen
474 1419 510 1477 ad
540 1435 645 1476 omncs
671 1419 808 1475 nationes
829 1423 966 1475 sanctum
987 1419 1030 1476 in·

148 1497 354 1573 violatumque
384 1516 501 1574 semper
520 1497 637 1568 fuisset,
660 1504 794 1555 retentos
823 1497 861 1555 ab
884 1515 916 1555 se
945 1498 1029 1555 etin

148 1577 271 1635 vincula
291 1579 467 1654 conjectos),
482 1596 536 1654 pro
557 1577 767 1652 magnitudine
780 1577 903 1654 periculi
917 1577 1028 1635 bellum
1045 1579 1079 1638 15

147 1674 254 1732 parare
274 1663 306 1715 et
326 1659 455 1715 maxime
478 1676 522 1728 ea,
538 1675 604 1733 quae
628 1657 666 1714 ad
690 1675 778 1714 usum
801 1656 924 1714 navium
939 1657 1027 1732 perti·

147 1742 228 1807 nent,
255 1738 412 1811 providere
438 1738 618 1809 instituunt;
650 1737 705 1794 hoc
728 1739 839 1811 majore
864 1754 925 1812 spe,
945 1737 1027 1812 quod

146 1816 275 1878 multum
304 1823 414 1874 natura
441 1817 498 1874 loci
526 1817 724 1875 confidebant.
769 1815 926 1874 Pedestria
959 1834 1026 1874 csse

145 1894 256 1953 itinera
277 1897 397 1955 concisa
423 1897 582 1966 aestuariis,
599 1896 827 1971 navigationem
852 1896 1026 1972 impeditam

145 1981 269 2052 propter
282 1977 471 2034 inscientiam
487 1977 618 2033 locorum
630 1976 871 2052 paucitatemque
884 1982 1025 2052 portuum
1041 1977 1077 2034 20

145 2055 301 2114 sciebant:
326 2074 422 2132 neque
445 2056 723 2114 nostrosexercitus
743 2061 866 2130 propter
884 2055 1026 2112 frumenti

144 2133 276 2211 inopiam
297 2127 409 2193 diutius
431 2136 509 2212 apud
531 2154 562 2194 se
583 2135 694 2193 morari
713 2152 801 2211 posse
817 2135 1024 2193 confidebant:

144 2231 179 2272 ac
188 2217 254 2289 jam
269 2221 303 2273 ut
317 2216 418 2273 omnia
429 2221 534 2274 contra
549 2215 719 2290 opinionem
735 2215 912 2285 acciderent,
921 2221 1024 2272 tamen

143 2311 176 2352 se
190 2295 353 2370 plurimum
369 2296 499 2353 navibus
512 2312 620 2371 posse:
643 2293 800 2353 Romanos
820 2313 915 2369 neque
930 2295 1023 2352 ullam

143 2374 320 2432 facultatem
346 2375 455 2432 habere
480 2375 613 2444 navium,
635 2392 730 2449 neque
751 2392 854 2431 corum
880 2374 1022 2444 locorum,
1039 2375 1076 2434 25

142 2453 194 2510 ubi
215 2454 327 2512 bellum
348 2455 463 2529 gesturi
484 2459 594 2524 essent,
612 2454 699 2522 vada,
714 2460 828 2529 portus
844 2453 960 2510 insulas
974 2471 1025 2511 no-

143 2532 244 2591 visse:
267 2551 302 2592 ac
315 2534 406 2609 longe
421 2534 512 2591 aliam
526 2551 593 2591 esse
605 2533 830 2608 navigationem
842 2533 872 2591 in
883 2533 1023 2590 concluso

143 2613 218 2670 mari
241 2618 332 2689 atque
354 2614 385 2670 in
400 2613 577 2671 vastissimo
592 2617 681 2687 atquo
697 2612 886 2688 apertissimo
902 2611 1022 2670 Oceano

142 2693 371 2768 perspiciebant.
415 2693 474 2751 His
493 2693 575 2750 initis
598 2693 732 2750 consiliis
746 2693 855 2768 oppida
872 2692 1021 2762 muniunt,

143 2771 294 2830 frumenta
304 2790 342 2830 ex
353 2773 435 2848 agris
451 2773 482 2830 in
494 2772 602 2848 oppida
613 2778 810 2847 comportant,
819 2789 913 2829 navos
923 2772 955 2828 in
963 2771 1023 2829 Ve-
1037 2773 1075 2830 30

143 2852 267 2922 uetiam,
284 2852 334 2910 ubi
350 2852 501 2911 (laesarcm
518 2852 647 2928 primum
662 2869 729 2909 esse
744 2851 853 2908 bellum
868 2858 1023 2926 gesturum

149 2932 313 3010 tonstabat,
330 2949 420 3007 quam
434 2932 581 3008 plurimas
595 2936 731 3006 possunt,
748 2943 869 3004 cogunt.
914 2930 1021 2988 Socios

142 3011 199 3068 sibi
230 3012 269 3069 ad
299 3011 330 3070 id
355 3011 466 3070 bellurn
504 3007 650 3078 Osismos,
673 3010 832 3078 Lexovios,
855 3009 1021 3080 Nannetes,

142 3090 337 3159 Ambiliatos,
360 3091 506 3161 Marinae,
530 3090 708 3158 Diablintes,
731 3088 891 3165 Menapios
913 3089 1023 3146 adscis-

142 3177 231 3228 cunt:
255 3170 366 3228 auxilia
379 3189 416 3228 ex
430 3170 599 3240 Britannia,
616 3186 682 3244 qnae
697 3175 801 3226 contra
820 3185 873 3226 eas
885 3169 1022 3243 regiones
1038 3169 1073 3226 35

141 3251 243 3326 posita
257 3256 312 3319 est,
330 3255 495 3308 arcessunt.

183 3333 228 3388 10.
254 3329 350 3387 Erant
362 3330 407 3387 hae
417 3329 607 3388 difficultates
618 3327 687 3384 belli
700 3327 831 3401 gerendi,
847 3344 923 3402 quas
933 3343 1023 3400 supra

141 3409 348 3483 ostendimus;
369 3410 422 3466 sed
432 3409 529 3466 multa
541 3407 690 3466 Caesarem
703 3412 805 3463 tamen
818 3406 898 3462 adid
910 3405 1022 3461 bellum

35 3535 37 3540 .
139 3489 326 3548 incitabant:
358 3489 471 3564 inJuriae
497 3492 681 3545 retentorum
707 3485 844 3568 equitum
872 3483 1024 3540 Romano·
