<?xml version="1.0" encoding="UTF-8"?>
<!DOCTYPE html PUBLIC "-//W3C//DTD XHTML 1.0 Transitional//EN"
    "http://www.w3.org/TR/xhtml1/DTD/xhtml1-transitional.dtd">
<html xmlns="http://www.w3.org/1999/xhtml" xml:lang="en" lang="en">
 <head>
  <title>
</title>
<meta http-equiv="Content-Type" content="text/html;charset=utf-8" />
  <meta name='ocr-system' content='tesseract 3.04.00' />
  <meta name='ocr-capabilities' content='ocr_page ocr_carea ocr_par ocr_line ocrx_word'/>
</head>
<body>
  <div class='ocr_page' id='page_1' title='image "./caiijuliicaesar03caesgoog_0172.png"; bbox 0 0 2548 3774; ppageno 0'>
   <div class='ocr_carea' id='block_1_1' title="bbox 155 300 816 367">
    <p class='ocr_par' dir='ltr' id='par_1_1' title="bbox 155 300 816 367">
     <span class='ocr_line' id='line_1_1' title="bbox 155 300 816 367; baseline -0.008 0"><span class='ocrx_word' id='word_1_1' title='bbox 155 300 215 367; x_wconf 80' lang='lat'><strong>164</strong></span> <span class='ocrx_word' id='word_1_2' title='bbox 421 315 469 364; x_wconf 84' lang='lat' dir='ltr'><strong>nr</strong></span> <span class='ocrx_word' id='word_1_3' title='bbox 493 315 615 364; x_wconf 82' lang='lat' dir='ltr'><strong>nunno</strong></span> <span class='ocrx_word' id='word_1_4' title='bbox 641 313 816 363; x_wconf 80' lang='lat' dir='ltr'><strong>oannroo.</strong></span> 
     </span>
    </p>
   </div>
   <div class='ocr_carea' id='block_1_2' title="bbox 170 464 1087 1022">
    <p class='ocr_par' dir='ltr' id='par_1_2' title="bbox 170 464 1087 861">
     <span class='ocr_line' id='line_1_2' title="bbox 202 464 1083 542; baseline 0.001 -18"><span class='ocrx_word' id='word_1_5' title='bbox 202 465 297 525; x_wconf 82' lang='lat' dir='ltr'><strong>lentio</strong></span> <span class='ocrx_word' id='word_1_6' title='bbox 311 465 494 525; x_wconf 79' lang='lat' dir='ltr'>deminuere.</span> <span class='ocrx_word' id='word_1_7' title='bbox 537 466 618 542; x_wconf 87' lang='lat' dir='ltr'><strong>Ipse,</strong></span> <span class='ocrx_word' id='word_1_8' title='bbox 629 467 775 540; x_wconf 80' lang='lat' dir='ltr'><strong>mojorem</strong></span> <span class='ocrx_word' id='word_1_9' title='bbox 786 464 893 525; x_wconf 78' lang='lat' dir='ltr'><strong>Gallia</strong></span> <span class='ocrx_word' id='word_1_10' title='bbox 908 469 1024 524; x_wconf 90' lang='lat' dir='ltr'><strong>motum</strong></span> <span class='ocrx_word' id='word_1_11' title='bbox 1040 483 1083 530; x_wconf 70' lang='lat' dir='ltr'><strong>en,</strong></span> 
     </span>
     <span class='ocr_line' id='line_1_3' title="bbox 202 546 1085 622; baseline -0.001 -18"><span class='ocrx_word' id='word_1_12' title='bbox 202 553 352 622; x_wconf 85' lang='lat' dir='ltr'><strong>spectans,</strong></span> <span class='ocrx_word' id='word_1_13' title='bbox 363 565 401 604; x_wconf 91' lang='lat' dir='ltr'><strong>ne</strong></span> <span class='ocrx_word' id='word_1_14' title='bbox 416 547 454 604; x_wconf 93' lang='lat' dir='ltr'><strong>ab</strong></span> <span class='ocrx_word' id='word_1_15' title='bbox 469 546 610 605; x_wconf 89' lang='lat' dir='ltr'><strong>omnibus</strong></span> <span class='ocrx_word' id='word_1_16' title='bbox 621 546 798 605; x_wconf 86' lang='lat' dir='ltr'><strong>civitatibus</strong></span> <span class='ocrx_word' id='word_1_17' title='bbox 809 546 1085 618; x_wconf 83' lang='lat' dir='ltr'><strong>circumsisteretur,</strong></span> 
     </span>
     <span class='ocr_line' id='line_1_4' title="bbox 203 624 1087 702; baseline 0 -18"><span class='ocrx_word' id='word_1_18' title='bbox 203 626 331 684; x_wconf 85' lang='lat' dir='ltr'><strong>consilia</strong></span> <span class='ocrx_word' id='word_1_19' title='bbox 353 627 459 698; x_wconf 76' lang='lat' dir='ltr'><strong>inibat,</strong></span> <span class='ocrx_word' id='word_1_20' title='bbox 475 625 732 702; x_wconf 87' lang='lat' dir='ltr'><strong>quemadmodum</strong></span> <span class='ocrx_word' id='word_1_21' title='bbox 755 626 794 683; x_wconf 88' lang='lat' dir='ltr'><strong>ab</strong></span> <span class='ocrx_word' id='word_1_22' title='bbox 817 624 971 700; x_wconf 85' lang='lat' dir='ltr'><strong>Gergovia</strong></span> <span class='ocrx_word' id='word_1_23' title='bbox 994 626 1087 684; x_wconf 84' lang='lat' dir='ltr'><strong>disoe-</strong></span> 
     </span>
     <span class='ocr_line' id='line_1_5' title="bbox 204 705 1086 779; baseline 0 -15"><span class='ocrx_word' id='word_1_24' title='bbox 204 706 288 764; x_wconf 90' lang='lat' dir='ltr'><strong>deret</strong></span> <span class='ocrx_word' id='word_1_25' title='bbox 311 724 346 764; x_wconf 89' lang='lat' dir='ltr'><strong>ac</strong></span> <span class='ocrx_word' id='word_1_26' title='bbox 369 723 473 764; x_wconf 87' lang='lat' dir='ltr'><strong>rursus</strong></span> <span class='ocrx_word' id='word_1_27' title='bbox 496 723 616 764; x_wconf 84' lang='lat' dir='ltr'><strong>omnem</strong></span> <span class='ocrx_word' id='word_1_28' title='bbox 636 706 801 764; x_wconf 84' lang='lat' dir='ltr'><strong>exercitum</strong></span> <span class='ocrx_word' id='word_1_29' title='bbox 817 705 1026 779; x_wconf 57' lang='lat' dir='ltr'><strong>contraherem</strong></span> <span class='ocrx_word' id='word_1_30' title='bbox 1049 724 1086 764; x_wconf 88' lang='lat' dir='ltr'><strong>ne</strong></span> 
     </span>
     <span class='ocr_line' id='line_1_6' title="bbox 170 785 1086 861; baseline -0.003 -14"><span class='ocrx_word' id='word_1_31' title='bbox 170 786 350 861; x_wconf 77' lang='lat' dir='ltr'><strong>bprofectio</strong></span> <span class='ocrx_word' id='word_1_32' title='bbox 374 793 447 845; x_wconf 84' lang='lat' dir='ltr'><strong>nuta</strong></span> <span class='ocrx_word' id='word_1_33' title='bbox 471 787 510 844; x_wconf 92' lang='lat' dir='ltr'><strong>ab</strong></span> <span class='ocrx_word' id='word_1_34' title='bbox 532 786 641 845; x_wconf 89' lang='lat' dir='ltr'><strong>timore</strong></span> <span class='ocrx_word' id='word_1_35' title='bbox 667 785 845 844; x_wconf 86' lang='lat' dir='ltr'><strong>desectionis</strong></span> <span class='ocrx_word' id='word_1_36' title='bbox 873 785 983 844; x_wconf 86' lang='lat' dir='ltr'><strong>similis</strong></span> <span class='ocrx_word' id='word_1_37' title='bbox 1006 786 1086 860; x_wconf 76' lang='lat' dir='ltr'><strong>fugoe</strong></span> 
     </span>
    </p>

    <p class='ocr_par' dir='ltr' id='par_1_3' title="bbox 205 866 1085 1022">
     <span class='ocr_line' id='line_1_7' title="bbox 205 866 366 924; baseline 0.019 -3"><span class='ocrx_word' id='word_1_38' title='bbox 205 866 366 924; x_wconf 87' lang='lat' dir='ltr'><strong>videretur.</strong></span> 
     </span>
     <span class='ocr_line' id='line_1_8' title="bbox 243 944 1085 1022; baseline 0.001 -19"><span class='ocrx_word' id='word_1_39' title='bbox 243 951 289 1004; x_wconf 83' lang='lat'><strong>44.</strong></span> <span class='ocrx_word' id='word_1_40' title='bbox 313 946 387 1004; x_wconf 82' lang='lat' dir='ltr'><strong>Haec</strong></span> <span class='ocrx_word' id='word_1_41' title='bbox 401 945 550 1022; x_wconf 77' lang='lat' dir='ltr'><strong>cogitanti</strong></span> <span class='ocrx_word' id='word_1_42' title='bbox 565 945 698 1004; x_wconf 84' lang='lat' dir='ltr'><strong>accidere</strong></span> <span class='ocrx_word' id='word_1_43' title='bbox 715 945 783 1002; x_wconf 84' lang='lat' dir='ltr'><strong>visa</strong></span> <span class='ocrx_word' id='word_1_44' title='bbox 802 950 851 1003; x_wconf 88' lang='lat' dir='ltr'><strong>est</strong></span> <span class='ocrx_word' id='word_1_45' title='bbox 866 944 996 1002; x_wconf 78' lang='lat' dir='ltr'><strong>facultas</strong></span> <span class='ocrx_word' id='word_1_46' title='bbox 1010 945 1085 1004; x_wconf 87' lang='lat' dir='ltr'><strong>bene</strong></span> 
     </span>
    </p>
   </div>
   <div class='ocr_carea' id='block_1_3' title="bbox 203 1025 1166 1101">
    <p class='ocr_par' dir='ltr' id='par_1_4' title="bbox 203 1025 1166 1101">
     <span class='ocr_line' id='line_1_9' title="bbox 203 1025 1166 1101; baseline -0.002 -18"><span class='ocrx_word' id='word_1_47' title='bbox 203 1027 342 1100; x_wconf 84' lang='lat' dir='ltr'><strong>gerendae</strong></span> <span class='ocrx_word' id='word_1_48' title='bbox 367 1025 418 1084; x_wconf 92' lang='lat' dir='ltr'><strong>rei.</strong></span> <span class='ocrx_word' id='word_1_49' title='bbox 461 1025 542 1082; x_wconf 91' lang='lat' dir='ltr'><strong>Nam</strong></span> <span class='ocrx_word' id='word_1_50' title='bbox 567 1043 636 1084; x_wconf 91' lang='lat' dir='ltr'><strong>cum</strong></span> <span class='ocrx_word' id='word_1_51' title='bbox 659 1025 778 1083; x_wconf 88' lang='lat' dir='ltr'><strong>minora</strong></span> <span class='ocrx_word' id='word_1_52' title='bbox 805 1025 836 1081; x_wconf 94' lang='lat' dir='ltr'><strong>in</strong></span> <span class='ocrx_word' id='word_1_53' title='bbox 860 1031 960 1083; x_wconf 85' lang='lat' dir='ltr'><strong>cestra</strong></span> <span class='ocrx_word' id='word_1_54' title='bbox 987 1025 1086 1101; x_wconf 88' lang='lat' dir='ltr'><strong>operis</strong></span> <span class='ocrx_word' id='word_1_55' title='bbox 1161 1049 1166 1056; x_wconf 93' lang='lat'>·</span> 
     </span>
    </p>
   </div>
   <div class='ocr_carea' id='block_1_4' title="bbox 148 1105 1087 3583">
    <p class='ocr_par' dir='ltr' id='par_1_5' title="bbox 148 1105 1087 3583">
     <span class='ocr_line' id='line_1_10' title="bbox 203 1105 1084 1182; baseline 0 -20"><span class='ocrx_word' id='word_1_56' title='bbox 203 1105 402 1182; x_wconf 83' lang='lat' dir='ltr'><strong>perspiciendi</strong></span> <span class='ocrx_word' id='word_1_57' title='bbox 431 1123 525 1163; x_wconf 88' lang='lat' dir='ltr'><strong>cansa</strong></span> <span class='ocrx_word' id='word_1_58' title='bbox 553 1106 696 1174; x_wconf 85' lang='lat' dir='ltr'><strong>venisset,</strong></span> <span class='ocrx_word' id='word_1_59' title='bbox 726 1105 940 1163; x_wconf 81' lang='lat' dir='ltr'><strong>animadvertit</strong></span> <span class='ocrx_word' id='word_1_60' title='bbox 968 1106 1084 1174; x_wconf 85' lang='lat' dir='ltr'><strong>collem,</strong></span> 
     </span>
     <span class='ocr_line' id='line_1_11' title="bbox 154 1184 1084 1260; baseline 0 -18"><span class='ocrx_word' id='word_1_61' title='bbox 154 1187 188 1245; x_wconf 88' lang='lat'><strong>10</strong></span> <span class='ocrx_word' id='word_1_62' title='bbox 203 1186 253 1260; x_wconf 92' lang='lat' dir='ltr'><strong>qui</strong></span> <span class='ocrx_word' id='word_1_63' title='bbox 269 1187 307 1243; x_wconf 90' lang='lat' dir='ltr'><strong>ab</strong></span> <span class='ocrx_word' id='word_1_64' title='bbox 322 1185 461 1243; x_wconf 84' lang='lat' dir='ltr'><strong>hostibus</strong></span> <span class='ocrx_word' id='word_1_65' title='bbox 482 1185 652 1255; x_wconf 87' lang='lat' dir='ltr'><strong>tenebatur,</strong></span> <span class='ocrx_word' id='word_1_66' title='bbox 668 1185 817 1243; x_wconf 89' lang='lat' dir='ltr'><strong>nudatum</strong></span> <span class='ocrx_word' id='word_1_67' title='bbox 836 1184 1017 1256; x_wconf 87' lang='lat' dir='ltr'><strong>hominibus,</strong></span> <span class='ocrx_word' id='word_1_68' title='bbox 1033 1185 1084 1260; x_wconf 90' lang='lat' dir='ltr'><strong>qui</strong></span> 
     </span>
     <span class='ocr_line' id='line_1_12' title="bbox 204 1264 1087 1342; baseline -0.003 -17"><span class='ocrx_word' id='word_1_69' title='bbox 204 1265 410 1342; x_wconf 86' lang='lat' dir='ltr'><strong>superioribus</strong></span> <span class='ocrx_word' id='word_1_70' title='bbox 426 1264 532 1323; x_wconf 88' lang='lat' dir='ltr'><strong>diebus</strong></span> <span class='ocrx_word' id='word_1_71' title='bbox 548 1265 600 1323; x_wconf 85' lang='lat' dir='ltr'><strong>vix</strong></span> <span class='ocrx_word' id='word_1_72' title='bbox 617 1282 678 1342; x_wconf 86' lang='lat' dir='ltr'><strong>prae</strong></span> <span class='ocrx_word' id='word_1_73' title='bbox 700 1265 893 1323; x_wconf 86' lang='lat' dir='ltr'><strong>multitudine</strong></span> <span class='ocrx_word' id='word_1_74' title='bbox 908 1265 989 1323; x_wconf 89' lang='lat' dir='ltr'><strong>cerni</strong></span> <span class='ocrx_word' id='word_1_75' title='bbox 1003 1272 1087 1341; x_wconf 83' lang='lat' dir='ltr'><strong>pota·</strong></span> 
     </span>
     <span class='ocr_line' id='line_1_13' title="bbox 202 1345 1085 1421; baseline 0.002 -19"><span class='ocrx_word' id='word_1_76' title='bbox 202 1353 259 1403; x_wconf 88' lang='lat' dir='ltr'><strong>rat.</strong></span> <span class='ocrx_word' id='word_1_77' title='bbox 295 1345 477 1403; x_wconf 82' lang='lat' dir='ltr'><strong>Admiratus</strong></span> <span class='ocrx_word' id='word_1_78' title='bbox 491 1346 599 1420; x_wconf 76' lang='lat' dir='ltr'><strong>quatit</strong></span> <span class='ocrx_word' id='word_1_79' title='bbox 612 1363 650 1403; x_wconf 81' lang='lat' dir='ltr'><strong>ex</strong></span> <span class='ocrx_word' id='word_1_80' title='bbox 663 1345 801 1421; x_wconf 83' lang='lat' dir='ltr'><strong>perfugis</strong></span> <span class='ocrx_word' id='word_1_81' title='bbox 815 1363 947 1414; x_wconf 87' lang='lat' dir='ltr'><strong>causam,</strong></span> <span class='ocrx_word' id='word_1_82' title='bbox 957 1363 1085 1421; x_wconf 90' lang='lat' dir='ltr'><strong>quorum</strong></span> 
     </span>
     <span class='ocr_line' id='line_1_14' title="bbox 201 1424 1087 1500; baseline 0 -18"><span class='ocrx_word' id='word_1_83' title='bbox 201 1443 334 1500; x_wconf 89' lang='lat' dir='ltr'><strong>magnus</strong></span> <span class='ocrx_word' id='word_1_84' title='bbox 350 1426 388 1483; x_wconf 84' lang='lat' dir='ltr'><strong>sd</strong></span> <span class='ocrx_word' id='word_1_85' title='bbox 403 1443 472 1483; x_wconf 90' lang='lat' dir='ltr'><strong>eum</strong></span> <span class='ocrx_word' id='word_1_86' title='bbox 486 1425 622 1500; x_wconf 83' lang='lat' dir='ltr'><strong>quotidie</strong></span> <span class='ocrx_word' id='word_1_87' title='bbox 638 1443 782 1483; x_wconf 89' lang='lat' dir='ltr'><strong>numerus</strong></span> <span class='ocrx_word' id='word_1_88' title='bbox 793 1424 971 1485; x_wconf 88' lang='lat' dir='ltr'><strong>confluebat.</strong></span> <span class='ocrx_word' id='word_1_89' title='bbox 1009 1424 1087 1484; x_wconf 87' lang='lat' dir='ltr'><strong>Oon·</strong></span> 
     </span>
     <span class='ocr_line' id='line_1_15' title="bbox 202 1503 1086 1582; baseline 0.001 -20"><span class='ocrx_word' id='word_1_90' title='bbox 202 1506 304 1564; x_wconf 88' lang='lat' dir='ltr'><strong>stabat</strong></span> <span class='ocrx_word' id='word_1_91' title='bbox 318 1506 397 1564; x_wconf 88' lang='lat' dir='ltr'><strong>inter</strong></span> <span class='ocrx_word' id='word_1_92' title='bbox 411 1522 524 1576; x_wconf 87' lang='lat' dir='ltr'><strong>omnes,</strong></span> <span class='ocrx_word' id='word_1_93' title='bbox 540 1505 621 1581; x_wconf 86' lang='lat' dir='ltr'><strong>quod</strong></span> <span class='ocrx_word' id='word_1_94' title='bbox 637 1507 701 1580; x_wconf 87' lang='lat' dir='ltr'><strong>jam</strong></span> <span class='ocrx_word' id='word_1_95' title='bbox 717 1505 782 1582; x_wconf 89' lang='lat' dir='ltr'><strong>ipse</strong></span> <span class='ocrx_word' id='word_1_96' title='bbox 803 1503 907 1563; x_wconf 79' lang='lat' dir='ltr'><strong>Oaesor</strong></span> <span class='ocrx_word' id='word_1_97' title='bbox 920 1523 973 1582; x_wconf 89' lang='lat' dir='ltr'><strong>per</strong></span> <span class='ocrx_word' id='word_1_98' title='bbox 986 1505 1086 1580; x_wconf 84' lang='lat' dir='ltr'><strong>explo-</strong></span> 
     </span>
     <span class='ocr_line' id='line_1_16' title="bbox 152 1585 1085 1662; baseline -0.005 -14"><span class='ocrx_word' id='word_1_99' title='bbox 152 1588 187 1648; x_wconf 87' lang='grc'><strong>15</strong></span> <span class='ocrx_word' id='word_1_100' title='bbox 202 1591 318 1643; x_wconf 81' lang='lat' dir='ltr'><strong>ratores</strong></span> <span class='ocrx_word' id='word_1_101' title='bbox 346 1591 538 1660; x_wconf 87' lang='lat' dir='ltr'><strong>cognoverat,</strong></span> <span class='ocrx_word' id='word_1_102' title='bbox 562 1585 686 1643; x_wconf 86' lang='lat' dir='ltr'><strong>dorsum</strong></span> <span class='ocrx_word' id='word_1_103' title='bbox 715 1603 781 1643; x_wconf 85' lang='lat' dir='ltr'><strong>esse</strong></span> <span class='ocrx_word' id='word_1_104' title='bbox 810 1586 875 1659; x_wconf 88' lang='lat' dir='ltr'><strong>ejus</strong></span> <span class='ocrx_word' id='word_1_105' title='bbox 898 1586 964 1660; x_wconf 88' lang='lat' dir='ltr'><strong>jugi</strong></span> <span class='ocrx_word' id='word_1_106' title='bbox 993 1603 1085 1662; x_wconf 89' lang='lat' dir='ltr'><strong>prope</strong></span> 
     </span>
     <span class='ocr_line' id='line_1_17' title="bbox 201 1664 1086 1741; baseline 0 -18"><span class='ocrx_word' id='word_1_107' title='bbox 201 1683 338 1741; x_wconf 76' lang='lat' dir='ltr'><strong>aquum3</strong></span> <span class='ocrx_word' id='word_1_108' title='bbox 370 1665 421 1723; x_wconf 91' lang='lat' dir='ltr'><strong>sed</strong></span> <span class='ocrx_word' id='word_1_109' title='bbox 452 1664 532 1722; x_wconf 90' lang='lat' dir='ltr'><strong>hunc</strong></span> <span class='ocrx_word' id='word_1_110' title='bbox 560 1665 732 1723; x_wconf 88' lang='lat' dir='ltr'><strong>silvestrem</strong></span> <span class='ocrx_word' id='word_1_111' title='bbox 760 1671 791 1722; x_wconf 91' lang='lat' dir='ltr'><strong>et</strong></span> <span class='ocrx_word' id='word_1_112' title='bbox 819 1673 994 1739; x_wconf 80' lang='lat' dir='ltr'><strong>angustum,</strong></span> <span class='ocrx_word' id='word_1_113' title='bbox 1024 1684 1086 1741; x_wconf 86' lang='lat' dir='ltr'><strong>qua</strong></span> 
     </span>
     <span class='ocr_line' id='line_1_18' title="bbox 201 1745 1086 1821; baseline 0.001 -18"><span class='ocrx_word' id='word_1_114' title='bbox 201 1753 283 1803; x_wconf 85' lang='lat' dir='ltr'><strong>esset</strong></span> <span class='ocrx_word' id='word_1_115' title='bbox 304 1746 407 1803; x_wconf 85' lang='lat' dir='ltr'><strong>aditus</strong></span> <span class='ocrx_word' id='word_1_116' title='bbox 428 1746 467 1802; x_wconf 89' lang='lat' dir='ltr'><strong>ad</strong></span> <span class='ocrx_word' id='word_1_117' title='bbox 489 1746 616 1803; x_wconf 83' lang='lat' dir='ltr'><strong>alterum</strong></span> <span class='ocrx_word' id='word_1_118' title='bbox 636 1752 754 1820; x_wconf 90' lang='lat' dir='ltr'><strong>partem</strong></span> <span class='ocrx_word' id='word_1_119' title='bbox 784 1745 905 1821; x_wconf 89' lang='lat' dir='ltr'><strong>oppidi:</strong></span> <span class='ocrx_word' id='word_1_120' title='bbox 928 1745 1086 1804; x_wconf 86' lang='lat' dir='ltr'><strong>vehemen-</strong></span> 
     </span>
     <span class='ocr_line' id='line_1_19' title="bbox 163 1824 1085 1900; baseline 0.003 -17"><span class='ocrx_word' id='word_1_121' title='bbox 163 1855 167 1863; x_wconf 94' lang='lat'>·</span> <span class='ocrx_word' id='word_1_122' title='bbox 201 1833 248 1883; x_wconf 90' lang='lat' dir='ltr'><strong>ter</strong></span> <span class='ocrx_word' id='word_1_123' title='bbox 262 1825 331 1884; x_wconf 87' lang='lat' dir='ltr'><strong>hnic</strong></span> <span class='ocrx_word' id='word_1_124' title='bbox 346 1827 411 1883; x_wconf 87' lang='lat' dir='ltr'><strong>loco</strong></span> <span class='ocrx_word' id='word_1_125' title='bbox 426 1825 493 1882; x_wconf 88' lang='lat' dir='ltr'><strong>illos</strong></span> <span class='ocrx_word' id='word_1_126' title='bbox 509 1824 614 1883; x_wconf 85' lang='lat' dir='ltr'><strong>timere</strong></span> <span class='ocrx_word' id='word_1_127' title='bbox 629 1844 683 1884; x_wconf 91' lang='lat' dir='ltr'><strong>nec</strong></span> <span class='ocrx_word' id='word_1_128' title='bbox 700 1827 764 1900; x_wconf 91' lang='lat' dir='ltr'><strong>jam</strong></span> <span class='ocrx_word' id='word_1_129' title='bbox 786 1825 874 1882; x_wconf 88' lang='lat' dir='ltr'><strong>aliter</strong></span> <span class='ocrx_word' id='word_1_130' title='bbox 888 1825 1008 1896; x_wconf 86' lang='lat' dir='ltr'><strong>sentire,</strong></span> <span class='ocrx_word' id='word_1_131' title='bbox 1025 1844 1085 1886; x_wconf 89' lang='lat' dir='ltr'><strong>uno</strong></span> 
     </span>
     <span class='ocr_line' id='line_1_20' title="bbox 202 1905 1083 1980; baseline -0.001 -16"><span class='ocrx_word' id='word_1_132' title='bbox 202 1907 277 1964; x_wconf 86' lang='lat' dir='ltr'><strong>colle</strong></span> <span class='ocrx_word' id='word_1_133' title='bbox 300 1907 338 1964; x_wconf 86' lang='lat' dir='ltr'><strong>ab</strong></span> <span class='ocrx_word' id='word_1_134' title='bbox 359 1906 508 1963; x_wconf 83' lang='lat' dir='ltr'><strong>Romanis</strong></span> <span class='ocrx_word' id='word_1_135' title='bbox 529 1912 684 1980; x_wconf 84' lang='lat' dir='ltr'><strong>occupato,</strong></span> <span class='ocrx_word' id='word_1_136' title='bbox 701 1907 726 1963; x_wconf 91' lang='lat' dir='ltr'><strong>si</strong></span> <span class='ocrx_word' id='word_1_137' title='bbox 748 1905 878 1962; x_wconf 87' lang='lat' dir='ltr'><strong>alterum</strong></span> <span class='ocrx_word' id='word_1_138' title='bbox 901 1905 1083 1977; x_wconf 87' lang='lat' dir='ltr'><strong>amisissent,</strong></span> 
     </span>
     <span class='ocr_line' id='line_1_21' title="bbox 150 1985 1086 2063; baseline -0.004 -15"><span class='ocrx_word' id='word_1_139' title='bbox 150 1991 187 2048; x_wconf 80' lang='lat'><strong>20</strong></span> <span class='ocrx_word' id='word_1_140' title='bbox 201 1986 273 2061; x_wconf 85' lang='lat' dir='ltr'><strong>quin</strong></span> <span class='ocrx_word' id='word_1_141' title='bbox 288 2005 372 2063; x_wconf 82' lang='lat' dir='ltr'><strong>paene</strong></span> <span class='ocrx_word' id='word_1_142' title='bbox 387 1986 607 2043; x_wconf 89' lang='lat' dir='ltr'><strong>circumvallati</strong></span> <span class='ocrx_word' id='word_1_143' title='bbox 623 1991 712 2061; x_wconf 88' lang='lat' dir='ltr'><strong>atque</strong></span> <span class='ocrx_word' id='word_1_144' title='bbox 736 1986 818 2043; x_wconf 91' lang='lat' dir='ltr'><strong>omni</strong></span> <span class='ocrx_word' id='word_1_145' title='bbox 839 1985 923 2043; x_wconf 82' lang='lat' dir='ltr'><strong>exitu</strong></span> <span class='ocrx_word' id='word_1_146' title='bbox 944 1992 976 2044; x_wconf 88' lang='lat' dir='ltr'><strong>et</strong></span> <span class='ocrx_word' id='word_1_147' title='bbox 993 1987 1086 2060; x_wconf 92' lang='lat' dir='ltr'><strong>pabu-</strong></span> 
     </span>
     <span class='ocr_line' id='line_1_22' title="bbox 202 2065 1084 2126; baseline 0.005 -4"><span class='ocrx_word' id='word_1_148' title='bbox 202 2065 314 2124; x_wconf 87' lang='lat' dir='ltr'><strong>latione</strong></span> <span class='ocrx_word' id='word_1_149' title='bbox 337 2065 491 2123; x_wconf 80' lang='lat' dir='ltr'><strong>interclusi</strong></span> <span class='ocrx_word' id='word_1_150' title='bbox 511 2065 700 2124; x_wconf 88' lang='lat' dir='ltr'><strong>viderentur:</strong></span> <span class='ocrx_word' id='word_1_151' title='bbox 723 2067 762 2123; x_wconf 89' lang='lat' dir='ltr'><strong>ad</strong></span> <span class='ocrx_word' id='word_1_152' title='bbox 784 2065 864 2124; x_wconf 89' lang='lat' dir='ltr'><strong>hunc</strong></span> <span class='ocrx_word' id='word_1_153' title='bbox 886 2066 1084 2126; x_wconf 84' lang='lat' dir='ltr'><strong>muniendum</strong></span> 
     </span>
     <span class='ocr_line' id='line_1_23' title="bbox 203 2145 845 2221; baseline 0 -18"><span class='ocrx_word' id='word_1_154' title='bbox 203 2164 308 2204; x_wconf 88' lang='lat' dir='ltr'><strong>omnes</strong></span> <span class='ocrx_word' id='word_1_155' title='bbox 324 2165 342 2203; x_wconf 90' lang='lat' dir='ltr'><strong>a</strong></span> <span class='ocrx_word' id='word_1_156' title='bbox 357 2145 608 2221; x_wconf 77' lang='lat' dir='ltr'><strong>Vercingetorige</strong></span> <span class='ocrx_word' id='word_1_157' title='bbox 624 2151 776 2203; x_wconf 86' lang='lat' dir='ltr'><strong>evocatos.</strong></span> <span class='ocrx_word' id='word_1_158' title='bbox 843 2191 845 2196; x_wconf 90' lang='lat'><em>.</em></span> 
     </span>
     <span class='ocr_line' id='line_1_24' title="bbox 244 2225 1085 2304; baseline 0.004 -21"><span class='ocrx_word' id='word_1_159' title='bbox 244 2229 289 2285; x_wconf 77' lang='grc'><strong>45.</strong></span> <span class='ocrx_word' id='word_1_160' title='bbox 315 2227 383 2284; x_wconf 87' lang='lat' dir='ltr'><strong>Hac</strong></span> <span class='ocrx_word' id='word_1_161' title='bbox 404 2243 435 2283; x_wconf 89' lang='lat' dir='ltr'><strong>re</strong></span> <span class='ocrx_word' id='word_1_162' title='bbox 452 2226 575 2300; x_wconf 88' lang='lat' dir='ltr'><strong>cognita</strong></span> <span class='ocrx_word' id='word_1_163' title='bbox 591 2225 694 2284; x_wconf 83' lang='lat' dir='ltr'><strong>Oaesar</strong></span> <span class='ocrx_word' id='word_1_164' title='bbox 709 2225 806 2284; x_wconf 86' lang='lat' dir='ltr'><strong>mittit</strong></span> <span class='ocrx_word' id='word_1_165' title='bbox 819 2226 990 2302; x_wconf 90' lang='lat' dir='ltr'><strong>complures</strong></span> <span class='ocrx_word' id='word_1_166' title='bbox 1004 2229 1085 2304; x_wconf 85' lang='lat' dir='ltr'><strong>equi-</strong></span> 
     </span>
     <span class='ocr_line' id='line_1_25' title="bbox 201 2305 1084 2383; baseline 0.001 -19"><span class='ocrx_word' id='word_1_167' title='bbox 201 2312 267 2364; x_wconf 91' lang='lat' dir='ltr'><strong>tum</strong></span> <span class='ocrx_word' id='word_1_168' title='bbox 283 2313 399 2364; x_wconf 90' lang='lat' dir='ltr'><strong>turmas</strong></span> <span class='ocrx_word' id='word_1_169' title='bbox 413 2306 518 2363; x_wconf 87' lang='lat' dir='ltr'><strong>eodem</strong></span> <span class='ocrx_word' id='word_1_170' title='bbox 541 2306 642 2364; x_wconf 88' lang='lat' dir='ltr'><strong>media</strong></span> <span class='ocrx_word' id='word_1_171' title='bbox 662 2311 767 2363; x_wconf 89' lang='lat' dir='ltr'><strong>nocte:</strong></span> <span class='ocrx_word' id='word_1_172' title='bbox 789 2305 928 2381; x_wconf 87' lang='lat' dir='ltr'><strong>imperat,</strong></span> <span class='ocrx_word' id='word_1_173' title='bbox 944 2313 978 2365; x_wconf 93' lang='lat' dir='ltr'><strong>ut</strong></span> <span class='ocrx_word' id='word_1_174' title='bbox 991 2309 1084 2383; x_wconf 89' lang='lat' dir='ltr'><strong>paulo</strong></span> 
     </span>
     <span class='ocr_line' id='line_1_26' title="bbox 149 2385 1084 2461; baseline 0 -16"><span class='ocrx_word' id='word_1_175' title='bbox 149 2389 186 2446; x_wconf 78' lang='lat'><strong>25</strong></span> <span class='ocrx_word' id='word_1_176' title='bbox 203 2387 421 2444; x_wconf 84' lang='lat' dir='ltr'><strong>tumultuosius</strong></span> <span class='ocrx_word' id='word_1_177' title='bbox 442 2385 583 2443; x_wconf 89' lang='lat' dir='ltr'><strong>omnibus</strong></span> <span class='ocrx_word' id='word_1_178' title='bbox 600 2386 632 2443; x_wconf 92' lang='lat' dir='ltr'><strong>in</strong></span> <span class='ocrx_word' id='word_1_179' title='bbox 652 2385 726 2443; x_wconf 89' lang='lat' dir='ltr'><strong>locis</strong></span> <span class='ocrx_word' id='word_1_180' title='bbox 742 2392 935 2461; x_wconf 89' lang='lat' dir='ltr'><strong>vagarentur.</strong></span> <span class='ocrx_word' id='word_1_181' title='bbox 978 2388 1084 2446; x_wconf 87' lang='lat' dir='ltr'><strong>Prima</strong></span> 
     </span>
     <span class='ocr_line' id='line_1_27' title="bbox 203 2466 1083 2541; baseline 0.001 -17"><span class='ocrx_word' id='word_1_182' title='bbox 203 2468 268 2525; x_wconf 90' lang='lat' dir='ltr'><strong>luce</strong></span> <span class='ocrx_word' id='word_1_183' title='bbox 283 2484 429 2541; x_wconf 88' lang='lat' dir='ltr'><strong>magnum</strong></span> <span class='ocrx_word' id='word_1_184' title='bbox 450 2483 610 2522; x_wconf 88' lang='lat' dir='ltr'><strong>numerum</strong></span> <span class='ocrx_word' id='word_1_185' title='bbox 625 2466 907 2541; x_wconf 85' lang='lat' dir='ltr'><strong>impedimentorum</strong></span> <span class='ocrx_word' id='word_1_186' title='bbox 922 2485 960 2524; x_wconf 84' lang='lat' dir='ltr'><strong>ex</strong></span> <span class='ocrx_word' id='word_1_187' title='bbox 974 2469 1083 2525; x_wconf 88' lang='lat' dir='ltr'><strong>castris</strong></span> 
     </span>
     <span class='ocr_line' id='line_1_28' title="bbox 203 2545 1082 2623; baseline 0.002 -19"><span class='ocrx_word' id='word_1_188' title='bbox 203 2549 412 2623; x_wconf 90' lang='lat' dir='ltr'><strong>mulorumque</strong></span> <span class='ocrx_word' id='word_1_189' title='bbox 434 2545 559 2622; x_wconf 89' lang='lat' dir='ltr'><strong>produci</strong></span> <span class='ocrx_word' id='word_1_190' title='bbox 581 2547 676 2621; x_wconf 87' lang='lat' dir='ltr'><strong>deque</strong></span> <span class='ocrx_word' id='word_1_191' title='bbox 703 2545 750 2603; x_wconf 91' lang='lat' dir='ltr'><strong>his</strong></span> <span class='ocrx_word' id='word_1_192' title='bbox 776 2551 943 2603; x_wconf 86' lang='lat' dir='ltr'><strong>stramenta</strong></span> <span class='ocrx_word' id='word_1_193' title='bbox 963 2547 1082 2606; x_wconf 88' lang='lat' dir='ltr'><strong>detrahi</strong></span> 
     </span>
     <span class='ocr_line' id='line_1_29' title="bbox 201 2626 1082 2702; baseline 0.002 -18"><span class='ocrx_word' id='word_1_194' title='bbox 201 2627 408 2702; x_wconf 87' lang='lat' dir='ltr'><strong>mulionesque</strong></span> <span class='ocrx_word' id='word_1_195' title='bbox 443 2644 510 2683; x_wconf 91' lang='lat' dir='ltr'><strong>cum</strong></span> <span class='ocrx_word' id='word_1_196' title='bbox 546 2626 716 2683; x_wconf 89' lang='lat' dir='ltr'><strong>cassidibus</strong></span> <span class='ocrx_word' id='word_1_197' title='bbox 751 2626 887 2702; x_wconf 89' lang='lat' dir='ltr'><strong>equitum</strong></span> <span class='ocrx_word' id='word_1_198' title='bbox 913 2628 1012 2702; x_wconf 87' lang='lat' dir='ltr'><strong>specie</strong></span> <span class='ocrx_word' id='word_1_199' title='bbox 1047 2647 1082 2686; x_wconf 89' lang='lat' dir='ltr'><strong>ac</strong></span> 
     </span>
     <span class='ocr_line' id='line_1_30' title="bbox 202 2706 1082 2783; baseline 0.002 -19"><span class='ocrx_word' id='word_1_200' title='bbox 202 2707 393 2783; x_wconf 84' lang='lat' dir='ltr'><strong>simulatione</strong></span> <span class='ocrx_word' id='word_1_201' title='bbox 409 2706 536 2764; x_wconf 89' lang='lat' dir='ltr'><strong>collibus</strong></span> <span class='ocrx_word' id='word_1_202' title='bbox 557 2706 740 2764; x_wconf 89' lang='lat' dir='ltr'><strong>circumvehi</strong></span> <span class='ocrx_word' id='word_1_203' title='bbox 757 2707 851 2781; x_wconf 86' lang='lat' dir='ltr'><strong>jubet.</strong></span> <span class='ocrx_word' id='word_1_204' title='bbox 895 2706 954 2764; x_wconf 87' lang='lat' dir='ltr'><strong>His</strong></span> <span class='ocrx_word' id='word_1_205' title='bbox 969 2726 1082 2783; x_wconf 89' lang='lat' dir='ltr'><strong>paucos</strong></span> 
     </span>
     <span class='ocr_line' id='line_1_31' title="bbox 148 2786 1083 2864; baseline -0.003 -16"><span class='ocrx_word' id='word_1_206' title='bbox 148 2791 186 2848; x_wconf 82' lang='lat'><strong>30</strong></span> <span class='ocrx_word' id='word_1_207' title='bbox 201 2787 287 2844; x_wconf 88' lang='lat' dir='ltr'><strong>addit</strong></span> <span class='ocrx_word' id='word_1_208' title='bbox 307 2787 432 2862; x_wconf 84' lang='lat' dir='ltr'><strong>equites,</strong></span> <span class='ocrx_word' id='word_1_209' title='bbox 455 2786 506 2861; x_wconf 89' lang='lat' dir='ltr'><strong>qui</strong></span> <span class='ocrx_word' id='word_1_210' title='bbox 528 2786 621 2844; x_wconf 89' lang='lat' dir='ltr'><strong>latius</strong></span> <span class='ocrx_word' id='word_1_211' title='bbox 643 2787 857 2845; x_wconf 86' lang='lat' dir='ltr'><strong>ostentationis</strong></span> <span class='ocrx_word' id='word_1_212' title='bbox 878 2805 972 2845; x_wconf 86' lang='lat' dir='ltr'><strong>causa</strong></span> <span class='ocrx_word' id='word_1_213' title='bbox 993 2806 1083 2864; x_wconf 73' lang='lat' dir='ltr'><strong>vaga</strong></span> 
     </span>
     <span class='ocr_line' id='line_1_32' title="bbox 201 2865 1082 2944; baseline 0.005 -22"><span class='ocrx_word' id='word_1_214' title='bbox 201 2873 311 2925; x_wconf 84' lang='lat' dir='ltr'><strong>rentur.</strong></span> <span class='ocrx_word' id='word_1_215' title='bbox 356 2865 464 2942; x_wconf 90' lang='lat' dir='ltr'><strong>Longo</strong></span> <span class='ocrx_word' id='word_1_216' title='bbox 479 2866 604 2924; x_wconf 85' lang='lat' dir='ltr'><strong>circuitu</strong></span> <span class='ocrx_word' id='word_1_217' title='bbox 626 2867 750 2924; x_wconf 84' lang='lat' dir='ltr'><strong>easdem</strong></span> <span class='ocrx_word' id='word_1_218' title='bbox 764 2884 870 2924; x_wconf 90' lang='lat' dir='ltr'><strong>omnes</strong></span> <span class='ocrx_word' id='word_1_219' title='bbox 879 2868 967 2942; x_wconf 90' lang='lat' dir='ltr'><strong>jubet</strong></span> <span class='ocrx_word' id='word_1_220' title='bbox 980 2875 1082 2944; x_wconf 87' lang='lat' dir='ltr'><strong>potere</strong></span> 
     </span>
     <span class='ocr_line' id='line_1_33' title="bbox 201 2946 1081 3024; baseline 0.005 -21"><span class='ocrx_word' id='word_1_221' title='bbox 201 2947 349 3022; x_wconf 88' lang='lat' dir='ltr'><strong>regiones.</strong></span> <span class='ocrx_word' id='word_1_222' title='bbox 394 2946 469 3004; x_wconf 86' lang='lat' dir='ltr'><strong>Haec</strong></span> <span class='ocrx_word' id='word_1_223' title='bbox 496 2947 599 3021; x_wconf 88' lang='lat' dir='ltr'><strong>procul</strong></span> <span class='ocrx_word' id='word_1_224' title='bbox 628 2965 665 3004; x_wconf 88' lang='lat' dir='ltr'><strong>ex</strong></span> <span class='ocrx_word' id='word_1_225' title='bbox 693 2947 804 3024; x_wconf 91' lang='lat' dir='ltr'><strong>oppido</strong></span> <span class='ocrx_word' id='word_1_226' title='bbox 829 2947 1018 3019; x_wconf 87' lang='lat' dir='ltr'><strong>videbantur,</strong></span> <span class='ocrx_word' id='word_1_227' title='bbox 1048 2956 1081 3007; x_wconf 90' lang='lat' dir='ltr'><strong>ut</strong></span> 
     </span>
     <span class='ocr_line' id='line_1_34' title="bbox 200 3027 1081 3103; baseline 0.002 -19"><span class='ocrx_word' id='word_1_228' title='bbox 200 3034 265 3085; x_wconf 89' lang='lat' dir='ltr'><strong>erat</strong></span> <span class='ocrx_word' id='word_1_229' title='bbox 288 3046 306 3086; x_wconf 91' lang='lat' dir='ltr'><strong>a</strong></span> <span class='ocrx_word' id='word_1_230' title='bbox 330 3027 482 3100; x_wconf 85' lang='lat' dir='ltr'><strong>Gergovia</strong></span> <span class='ocrx_word' id='word_1_231' title='bbox 502 3027 664 3102; x_wconf 88' lang='lat' dir='ltr'><strong>despectus</strong></span> <span class='ocrx_word' id='word_1_232' title='bbox 688 3027 720 3084; x_wconf 90' lang='lat' dir='ltr'><strong>in</strong></span> <span class='ocrx_word' id='word_1_233' title='bbox 742 3033 861 3100; x_wconf 78' lang='lat' dir='ltr'><strong>castra3</strong></span> <span class='ocrx_word' id='word_1_234' title='bbox 883 3046 979 3103; x_wconf 90' lang='lat' dir='ltr'><strong>neque</strong></span> <span class='ocrx_word' id='word_1_235' title='bbox 994 3034 1081 3087; x_wconf 88' lang='lat' dir='ltr'><strong>tanto</strong></span> 
     </span>
     <span class='ocr_line' id='line_1_35' title="bbox 200 3106 1082 3183; baseline 0.001 -19"><span class='ocrx_word' id='word_1_236' title='bbox 200 3108 308 3183; x_wconf 88' lang='lat' dir='ltr'><strong>spatio,</strong></span> <span class='ocrx_word' id='word_1_237' title='bbox 331 3107 405 3164; x_wconf 89' lang='lat' dir='ltr'><strong>certi</strong></span> <span class='ocrx_word' id='word_1_238' title='bbox 427 3106 498 3181; x_wconf 91' lang='lat' dir='ltr'><strong>quid</strong></span> <span class='ocrx_word' id='word_1_239' title='bbox 519 3115 610 3176; x_wconf 85' lang='lat' dir='ltr'><strong>esset,</strong></span> <span class='ocrx_word' id='word_1_240' title='bbox 632 3107 780 3183; x_wconf 84' lang='lat' dir='ltr'><strong>explorari</strong></span> <span class='ocrx_word' id='word_1_241' title='bbox 802 3114 928 3182; x_wconf 86' lang='lat' dir='ltr'><strong>poterat.</strong></span> <span class='ocrx_word' id='word_1_242' title='bbox 972 3108 1082 3182; x_wconf 88' lang='lat' dir='ltr'><strong>Legio-</strong></span> 
     </span>
     <span class='ocr_line' id='line_1_36' title="bbox 149 3186 1081 3264; baseline -0.002 -16"><span class='ocrx_word' id='word_1_243' title='bbox 149 3191 184 3248; x_wconf 79' lang='lat'><strong>35</strong></span> <span class='ocrx_word' id='word_1_244' title='bbox 201 3207 268 3246; x_wconf 89' lang='lat' dir='ltr'><strong>nern</strong></span> <span class='ocrx_word' id='word_1_245' title='bbox 290 3205 381 3244; x_wconf 89' lang='lat' dir='ltr'><strong>unam</strong></span> <span class='ocrx_word' id='word_1_246' title='bbox 409 3186 514 3243; x_wconf 88' lang='lat' dir='ltr'><strong>eodem</strong></span> <span class='ocrx_word' id='word_1_247' title='bbox 540 3188 615 3262; x_wconf 86' lang='lat' dir='ltr'><strong>jugo</strong></span> <span class='ocrx_word' id='word_1_248' title='bbox 643 3187 740 3245; x_wconf 91' lang='lat' dir='ltr'><strong>mittit</strong></span> <span class='ocrx_word' id='word_1_249' title='bbox 771 3193 802 3245; x_wconf 92' lang='lat' dir='ltr'><strong>et</strong></span> <span class='ocrx_word' id='word_1_250' title='bbox 828 3188 920 3264; x_wconf 93' lang='lat' dir='ltr'><strong>paulo</strong></span> <span class='ocrx_word' id='word_1_251' title='bbox 944 3206 1081 3263; x_wconf 87' lang='lat' dir='ltr'><strong>progres-</strong></span> 
     </span>
     <span class='ocr_line' id='line_1_37' title="bbox 199 3267 1079 3344; baseline 0.001 -18"><span class='ocrx_word' id='word_1_252' title='bbox 199 3286 265 3326; x_wconf 88' lang='lat' dir='ltr'><strong>sam</strong></span> <span class='ocrx_word' id='word_1_253' title='bbox 294 3267 434 3324; x_wconf 83' lang='lat' dir='ltr'><strong>inferiore</strong></span> <span class='ocrx_word' id='word_1_254' title='bbox 468 3267 628 3324; x_wconf 88' lang='lat' dir='ltr'><strong>constituit</strong></span> <span class='ocrx_word' id='word_1_255' title='bbox 654 3267 720 3326; x_wconf 91' lang='lat' dir='ltr'><strong>loco</strong></span> <span class='ocrx_word' id='word_1_256' title='bbox 759 3268 904 3344; x_wconf 90' lang='lat' dir='ltr'><strong>silvisque</strong></span> <span class='ocrx_word' id='word_1_257' title='bbox 940 3269 1079 3327; x_wconf 84' lang='lat' dir='ltr'><strong>occultat.</strong></span> 
     </span>
     <span class='ocr_line' id='line_1_38' title="bbox 200 3343 1081 3424; baseline 0 -19"><span class='ocrx_word' id='word_1_258' title='bbox 200 3349 342 3421; x_wconf 84' lang='lat' dir='ltr'><strong>Augetur</strong></span> <span class='ocrx_word' id='word_1_259' title='bbox 371 3347 467 3405; x_wconf 84' lang='lat' dir='ltr'><strong>Gallis</strong></span> <span class='ocrx_word' id='word_1_260' title='bbox 495 3343 625 3422; x_wconf 86' lang='lat' dir='ltr'><strong>suspicio</strong></span> <span class='ocrx_word' id='word_1_261' title='bbox 654 3354 744 3424; x_wconf 88' lang='lat' dir='ltr'><strong>atque</strong></span> <span class='ocrx_word' id='word_1_262' title='bbox 773 3366 876 3406; x_wconf 88' lang='lat' dir='ltr'><strong>omnes</strong></span> <span class='ocrx_word' id='word_1_263' title='bbox 905 3348 957 3406; x_wconf 91' lang='lat' dir='ltr'><strong>illo</strong></span> <span class='ocrx_word' id='word_1_264' title='bbox 984 3349 1081 3405; x_wconf 90' lang='lat' dir='ltr'><strong>munl-</strong></span> 
     </span>
     <span class='ocr_line' id='line_1_39' title="bbox 198 3426 1080 3499; baseline 0.005 -17"><span class='ocrx_word' id='word_1_265' title='bbox 198 3427 315 3483; x_wconf 86' lang='lat' dir='ltr'><strong>tionum</strong></span> <span class='ocrx_word' id='word_1_266' title='bbox 343 3426 435 3499; x_wconf 86' lang='lat' dir='ltr'><strong>copiae</strong></span> <span class='ocrx_word' id='word_1_267' title='bbox 463 3426 708 3485; x_wconf 88' lang='lat' dir='ltr'><strong>transducuntur.</strong></span> <span class='ocrx_word' id='word_1_268' title='bbox 760 3427 867 3486; x_wconf 84' lang='lat' dir='ltr'><strong>Vacua</strong></span> <span class='ocrx_word' id='word_1_269' title='bbox 891 3434 992 3486; x_wconf 88' lang='lat' dir='ltr'><strong>castra</strong></span> <span class='ocrx_word' id='word_1_270' title='bbox 1014 3427 1080 3486; x_wconf 78' lang='lat' dir='ltr'><strong>hos</strong></span> 
     </span>
     <span class='ocr_line' id='line_1_40' title="bbox 199 3505 1079 3583; baseline 0.005 -21"><span class='ocrx_word' id='word_1_271' title='bbox 199 3505 276 3562; x_wconf 88' lang='lat' dir='ltr'><strong>tium</strong></span> <span class='ocrx_word' id='word_1_272' title='bbox 299 3505 402 3564; x_wconf 83' lang='lat' dir='ltr'><strong>Caesar</strong></span> <span class='ocrx_word' id='word_1_273' title='bbox 423 3505 623 3579; x_wconf 87' lang='lat' dir='ltr'><strong>conspicatus,</strong></span> <span class='ocrx_word' id='word_1_274' title='bbox 647 3507 737 3564; x_wconf 90' lang='lat' dir='ltr'><strong>tectis</strong></span> <span class='ocrx_word' id='word_1_275' title='bbox 763 3507 933 3583; x_wconf 89' lang='lat' dir='ltr'><strong>insignibus</strong></span> <span class='ocrx_word' id='word_1_276' title='bbox 957 3525 1079 3566; x_wconf 89' lang='lat' dir='ltr'><strong>snorum</strong></span> 
     </span>
    </p>
   </div>
   <div class='ocr_carea' id='block_1_5' title="bbox 0 0 1278 3774">
    <p class='ocr_par' dir='ltr' id='par_1_6' title="bbox 0 0 1278 3774">
     <span class='ocr_line' id='line_1_41' title="bbox 0 0 1278 3774; baseline 0 2"><span class='ocrx_word' id='word_1_277' title='bbox 0 0 1278 3774; x_wconf 95' lang='lat' dir='ltr'><strong> </strong></span> 
     </span>
    </p>
   </div>
   <div class='ocr_carea' id='block_1_6' title="bbox 1264 2043 1273 3150">
    <p class='ocr_par' dir='ltr' id='par_1_7' title="bbox 1236 2043 1273 3150">
     <span class='ocr_line' id='line_1_42' title="bbox 1267 2043 1273 2310; baseline 0 0"><span class='ocrx_word' id='word_1_278' title='bbox 1267 2043 1273 2310; x_wconf 83' lang='lat' dir='ltr'><strong>l</strong></span> 
     </span>
     <span class='ocr_line' id='line_1_43' title="bbox 1264 2821 1270 3150; baseline 0 0"><span class='ocrx_word' id='word_1_279' title='bbox 1264 2821 1270 3150; x_wconf 85' lang='lat' dir='ltr'><strong>l</strong></span> 
     </span>
    </p>
   </div>
  </div>
 </body>
</html>
