<?xml version="1.0" encoding="UTF-8"?>
<!DOCTYPE html PUBLIC "-//W3C//DTD XHTML 1.0 Transitional//EN"
    "http://www.w3.org/TR/xhtml1/DTD/xhtml1-transitional.dtd">
<html xmlns="http://www.w3.org/1999/xhtml" xml:lang="en" lang="en">
 <head>
  <title>
</title>
<meta http-equiv="Content-Type" content="text/html;charset=utf-8" />
  <meta name='ocr-system' content='tesseract 3.04.00' />
  <meta name='ocr-capabilities' content='ocr_page ocr_carea ocr_par ocr_line ocrx_word'/>
</head>
<body>
  <div class='ocr_page' id='page_1' title='image "./caiijuliicaesar03caesgoog_0162.png"; bbox 0 0 2548 3774; ppageno 0'>
   <div class='ocr_carea' id='block_1_1' title="bbox 138 286 814 352">
    <p class='ocr_par' dir='ltr' id='par_1_1' title="bbox 138 286 814 352">
     <span class='ocr_line' id='line_1_1' title="bbox 138 286 814 352; baseline 0 0"><span class='ocrx_word' id='word_1_1' title='bbox 138 286 200 352; x_wconf 76' lang='lat'>154</span> <span class='ocrx_word' id='word_1_2' title='bbox 418 303 466 351; x_wconf 86' lang='lat' dir='ltr'>nn</span> <span class='ocrx_word' id='word_1_3' title='bbox 491 304 612 351; x_wconf 81' lang='lat' dir='ltr'>nunno</span> <span class='ocrx_word' id='word_1_4' title='bbox 639 303 814 352; x_wconf 71' lang='lat' dir='ltr'>subulca.</span> 
     </span>
    </p>
   </div>
   <div class='ocr_carea' id='block_1_2' title="bbox 188 451 1072 530">
    <p class='ocr_par' dir='ltr' id='par_1_2' title="bbox 188 451 1072 530">
     <span class='ocr_line' id='line_1_2' title="bbox 188 451 1072 530; baseline 0 -18"><span class='ocrx_word' id='word_1_5' title='bbox 188 453 328 530; x_wconf 88' lang='lat' dir='ltr'>tingeret,</span> <span class='ocrx_word' id='word_1_6' title='bbox 343 459 375 513; x_wconf 90' lang='lat' dir='ltr'>et</span> <span class='ocrx_word' id='word_1_7' title='bbox 391 453 492 514; x_wconf 71' lang='lat' dir='ltr'>Ceasar</span> <span class='ocrx_word' id='word_1_8' title='bbox 513 455 552 512; x_wconf 90' lang='lat' dir='ltr'>ad</span> <span class='ocrx_word' id='word_1_9' title='bbox 574 472 651 530; x_wconf 89' lang='lat' dir='ltr'>opus</span> <span class='ocrx_word' id='word_1_10' title='bbox 672 453 889 513; x_wconf 86' lang='lat' dir='ltr'>cousuetudine</span> <span class='ocrx_word' id='word_1_11' title='bbox 910 451 1072 512; x_wconf 79' lang='lat' dir='ltr'><strong>excubaret</strong></span> 
     </span>
    </p>
   </div>
   <div class='ocr_carea' id='block_1_3' title="bbox 113 534 1117 2533">
    <p class='ocr_par' dir='ltr' id='par_1_3' title="bbox 113 534 1117 2533">
     <span class='ocr_line' id='line_1_3' title="bbox 188 534 1073 611; baseline 0 -20"><span class='ocrx_word' id='word_1_12' title='bbox 188 534 353 608; x_wconf 86' lang='lat' dir='ltr'>militisque</span> <span class='ocrx_word' id='word_1_13' title='bbox 375 535 592 606; x_wconf 80' lang='lat' dir='ltr'>cohortaretur,</span> <span class='ocrx_word' id='word_1_14' title='bbox 609 535 742 611; x_wconf 92' lang='lat' dir='ltr'>nequod</span> <span class='ocrx_word' id='word_1_15' title='bbox 762 535 884 593; x_wconf 90' lang='lat' dir='ltr'>omuino</span> <span class='ocrx_word' id='word_1_16' title='bbox 899 540 1019 610; x_wconf 90' lang='lat' dir='ltr'>tempus</span> <span class='ocrx_word' id='word_1_17' title='bbox 1035 535 1073 592; x_wconf 90' lang='lat' dir='ltr'>ab</span> 
     </span>
     <span class='ocr_line' id='line_1_4' title="bbox 188 614 1072 691; baseline 0.002 -21"><span class='ocrx_word' id='word_1_18' title='bbox 188 631 277 691; x_wconf 91' lang='lat' dir='ltr'>opere</span> <span class='ocrx_word' id='word_1_19' title='bbox 298 615 560 676; x_wconf 80' lang='lat' dir='ltr'>intermitteretur.</span> <span class='ocrx_word' id='word_1_20' title='bbox 582 616 674 690; x_wconf 91' lang='lat' dir='ltr'>paulo</span> <span class='ocrx_word' id='word_1_21' title='bbox 697 621 768 674; x_wconf 83' lang='lat' dir='ltr'>ante</span> <span class='ocrx_word' id='word_1_22' title='bbox 788 614 911 672; x_wconf 81' lang='lat' dir='ltr'>tertiam</span> <span class='ocrx_word' id='word_1_23' title='bbox 934 614 1072 690; x_wconf 85' lang='lat' dir='ltr'>vigiliam</span> 
     </span>
     <span class='ocr_line' id='line_1_5' title="bbox 187 695 1072 771; baseline 0.002 -21"><span class='ocrx_word' id='word_1_24' title='bbox 187 700 236 751; x_wconf 89' lang='lat' dir='ltr'>est</span> <span class='ocrx_word' id='word_1_25' title='bbox 251 695 497 753; x_wconf 87' lang='lat' dir='ltr'>animadversum</span> <span class='ocrx_word' id='word_1_26' title='bbox 519 697 636 753; x_wconf 89' lang='lat' dir='ltr'>lumare</span> <span class='ocrx_word' id='word_1_27' title='bbox 658 713 811 771; x_wconf 82' lang='lat' dir='ltr'>aggerem,</span> <span class='ocrx_word' id='word_1_28' title='bbox 827 712 917 770; x_wconf 89' lang='lat' dir='ltr'>quem</span> <span class='ocrx_word' id='word_1_29' title='bbox 933 695 1072 752; x_wconf 91' lang='lat' dir='ltr'>cuniculo</span> 
     </span>
     <span class='ocr_line' id='line_1_6' title="bbox 154 773 1072 852; baseline -0.001 -19"><span class='ocrx_word' id='word_1_30' title='bbox 154 773 173 833; x_wconf 80' lang='lat' dir='ltr'>b</span> <span class='ocrx_word' id='word_1_31' title='bbox 188 773 293 834; x_wconf 86' lang='lat' dir='ltr'>hostes</span> <span class='ocrx_word' id='word_1_32' title='bbox 307 776 542 850; x_wconf 86' lang='lat' dir='ltr'>succenderant;</span> <span class='ocrx_word' id='word_1_33' title='bbox 563 776 730 852; x_wconf 90' lang='lat' dir='ltr'>eodemque</span> <span class='ocrx_word' id='word_1_34' title='bbox 751 782 886 850; x_wconf 91' lang='lat' dir='ltr'>tempore</span> <span class='ocrx_word' id='word_1_35' title='bbox 903 781 970 832; x_wconf 93' lang='lat' dir='ltr'>toto</span> <span class='ocrx_word' id='word_1_36' title='bbox 986 792 1072 832; x_wconf 93' lang='lat' dir='ltr'>muro</span> 
     </span>
     <span class='ocr_line' id='line_1_7' title="bbox 188 854 1072 931; baseline 0.001 -20"><span class='ocrx_word' id='word_1_37' title='bbox 188 854 317 913; x_wconf 78' lang='lat' dir='ltr'>clamore</span> <span class='ocrx_word' id='word_1_38' title='bbox 345 856 467 914; x_wconf 88' lang='lat' dir='ltr'>sublato</span> <span class='ocrx_word' id='word_1_39' title='bbox 495 857 614 914; x_wconf 89' lang='lat' dir='ltr'>duabus</span> <span class='ocrx_word' id='word_1_40' title='bbox 643 856 741 931; x_wconf 90' lang='lat' dir='ltr'>portis</span> <span class='ocrx_word' id='word_1_41' title='bbox 763 857 802 913; x_wconf 93' lang='lat' dir='ltr'>ab</span> <span class='ocrx_word' id='word_1_42' title='bbox 822 861 949 929; x_wconf 89' lang='lat' dir='ltr'>utroque</span> <span class='ocrx_word' id='word_1_43' title='bbox 978 854 1072 912; x_wconf 89' lang='lat' dir='ltr'>latero</span> 
     </span>
     <span class='ocr_line' id='line_1_8' title="bbox 187 934 1071 1012; baseline -0.001 -20"><span class='ocrx_word' id='word_1_44' title='bbox 187 936 315 993; x_wconf 88' lang='lat' dir='ltr'>turrium</span> <span class='ocrx_word' id='word_1_45' title='bbox 343 937 463 1012; x_wconf 87' lang='lat' dir='ltr'>eruptio</span> <span class='ocrx_word' id='word_1_46' title='bbox 491 937 589 995; x_wconf 88' lang='lat' dir='ltr'>fiebat.</span> <span class='ocrx_word' id='word_1_47' title='bbox 632 937 696 995; x_wconf 87' lang='lat' dir='ltr'>Alii</span> <span class='ocrx_word' id='word_1_48' title='bbox 725 936 807 994; x_wconf 87' lang='lat' dir='ltr'>faces</span> <span class='ocrx_word' id='word_1_49' title='bbox 835 941 926 1010; x_wconf 89' lang='lat' dir='ltr'>atque</span> <span class='ocrx_word' id='word_1_50' title='bbox 955 934 1071 992; x_wconf 91' lang='lat' dir='ltr'>aridam</span> 
     </span>
     <span class='ocr_line' id='line_1_9' title="bbox 189 1014 1072 1092; baseline -0.001 -20"><span class='ocrx_word' id='word_1_51' title='bbox 189 1016 346 1074; x_wconf 88' lang='lat' dir='ltr'>materiem</span> <span class='ocrx_word' id='word_1_52' title='bbox 372 1017 409 1075; x_wconf 90' lang='lat' dir='ltr'>do</span> <span class='ocrx_word' id='word_1_53' title='bbox 432 1035 517 1074; x_wconf 91' lang='lat' dir='ltr'>muro</span> <span class='ocrx_word' id='word_1_54' title='bbox 542 1017 574 1074; x_wconf 91' lang='lat' dir='ltr'>in</span> <span class='ocrx_word' id='word_1_55' title='bbox 597 1035 741 1092; x_wconf 84' lang='lat' dir='ltr'>aggerem</span> <span class='ocrx_word' id='word_1_56' title='bbox 766 1016 886 1074; x_wconf 89' lang='lat' dir='ltr'>eminus</span> <span class='ocrx_word' id='word_1_57' title='bbox 909 1014 1072 1090; x_wconf 88' lang='lat' dir='ltr'>jaciebant,</span> 
     </span>
     <span class='ocr_line' id='line_1_10' title="bbox 190 1095 1071 1174; baseline -0.001 -22"><span class='ocrx_word' id='word_1_58' title='bbox 190 1095 286 1171; x_wconf 89' lang='lat' dir='ltr'>picem</span> <span class='ocrx_word' id='word_1_59' title='bbox 307 1096 497 1174; x_wconf 87' lang='lat' dir='ltr'>reliquasque</span> <span class='ocrx_word' id='word_1_60' title='bbox 518 1115 575 1168; x_wconf 87' lang='lat' dir='ltr'>res,</span> <span class='ocrx_word' id='word_1_61' title='bbox 590 1098 701 1174; x_wconf 89' lang='lat' dir='ltr'>quibus</span> <span class='ocrx_word' id='word_1_62' title='bbox 722 1096 803 1171; x_wconf 87' lang='lat' dir='ltr'>iguis</span> <span class='ocrx_word' id='word_1_63' title='bbox 819 1095 945 1153; x_wconf 86' lang='lat' dir='ltr'>excitari</span> <span class='ocrx_word' id='word_1_64' title='bbox 960 1100 1071 1170; x_wconf 90' lang='lat' dir='ltr'>potest,</span> 
     </span>
     <span class='ocr_line' id='line_1_11' title="bbox 136 1174 1071 1253; baseline -0.001 -21"><span class='ocrx_word' id='word_1_65' title='bbox 136 1181 172 1242; x_wconf 87' lang='lat'>10</span> <span class='ocrx_word' id='word_1_66' title='bbox 191 1176 366 1248; x_wconf 83' lang='lat' dir='ltr'>fundebant,</span> <span class='ocrx_word' id='word_1_67' title='bbox 383 1183 425 1246; x_wconf 88' lang='lat' dir='ltr'>ut,</span> <span class='ocrx_word' id='word_1_68' title='bbox 441 1195 501 1253; x_wconf 92' lang='lat' dir='ltr'>qno</span> <span class='ocrx_word' id='word_1_69' title='bbox 521 1178 653 1253; x_wconf 91' lang='lat' dir='ltr'>primum</span> <span class='ocrx_word' id='word_1_70' title='bbox 675 1183 879 1235; x_wconf 81' lang='lat' dir='ltr'>occurreretur</span> <span class='ocrx_word' id='word_1_71' title='bbox 893 1180 947 1232; x_wconf 92' lang='lat' dir='ltr'>aut</span> <span class='ocrx_word' id='word_1_72' title='bbox 965 1174 1013 1232; x_wconf 91' lang='lat' dir='ltr'>cui</span> <span class='ocrx_word' id='word_1_73' title='bbox 1028 1174 1071 1232; x_wconf 91' lang='lat' dir='ltr'>rei</span> 
     </span>
     <span class='ocr_line' id='line_1_12' title="bbox 187 1253 1070 1332; baseline -0.002 -18"><span class='ocrx_word' id='word_1_74' title='bbox 187 1257 316 1314; x_wconf 78' lang='lat' dir='ltr'>ferretur</span> <span class='ocrx_word' id='word_1_75' title='bbox 337 1258 492 1327; x_wconf 85' lang='lat' dir='ltr'>auxilium,</span> <span class='ocrx_word' id='word_1_76' title='bbox 516 1257 568 1314; x_wconf 85' lang='lat' dir='ltr'>vix</span> <span class='ocrx_word' id='word_1_77' title='bbox 592 1257 671 1314; x_wconf 89' lang='lat' dir='ltr'>ratio</span> <span class='ocrx_word' id='word_1_78' title='bbox 696 1257 766 1314; x_wconf 87' lang='lat' dir='ltr'>iniri</span> <span class='ocrx_word' id='word_1_79' title='bbox 791 1264 903 1332; x_wconf 87' lang='lat' dir='ltr'>posset.</span> <span class='ocrx_word' id='word_1_80' title='bbox 947 1253 1070 1326; x_wconf 83' lang='lat' dir='ltr'>Tamen,</span> 
     </span>
     <span class='ocr_line' id='line_1_13' title="bbox 186 1335 1071 1414; baseline 0 -21"><span class='ocrx_word' id='word_1_81' title='bbox 186 1337 267 1411; x_wconf 92' lang='lat' dir='ltr'>quod</span> <span class='ocrx_word' id='word_1_82' title='bbox 295 1337 437 1396; x_wconf 89' lang='lat' dir='ltr'>instituto</span> <span class='ocrx_word' id='word_1_83' title='bbox 467 1337 597 1396; x_wconf 74' lang='lat' dir='ltr'>Caesaris</span> <span class='ocrx_word' id='word_1_84' title='bbox 624 1355 743 1414; x_wconf 87' lang='lat' dir='ltr'>semper</span> <span class='ocrx_word' id='word_1_85' title='bbox 766 1337 832 1394; x_wconf 86' lang='lat' dir='ltr'>duae</span> <span class='ocrx_word' id='word_1_86' title='bbox 858 1335 994 1410; x_wconf 83' lang='lat' dir='ltr'>legiones</span> <span class='ocrx_word' id='word_1_87' title='bbox 1017 1351 1071 1409; x_wconf 90' lang='lat' dir='ltr'>pro</span> 
     </span>
     <span class='ocr_line' id='line_1_14' title="bbox 186 1415 1071 1493; baseline 0 -20"><span class='ocrx_word' id='word_1_88' title='bbox 186 1416 295 1474; x_wconf 89' lang='lat' dir='ltr'>castris</span> <span class='ocrx_word' id='word_1_89' title='bbox 322 1417 517 1475; x_wconf 85' lang='lat' dir='ltr'>excubabant</span> <span class='ocrx_word' id='word_1_90' title='bbox 547 1418 709 1493; x_wconf 87' lang='lat' dir='ltr'>pluresque</span> <span class='ocrx_word' id='word_1_91' title='bbox 732 1417 855 1492; x_wconf 90' lang='lat' dir='ltr'>partitis</span> <span class='ocrx_word' id='word_1_92' title='bbox 883 1415 1071 1491; x_wconf 86' lang='lat' dir='ltr'>temporibus</span> 
     </span>
     <span class='ocr_line' id='line_1_15' title="bbox 113 1496 1072 1573; baseline 0 -20"><span class='ocrx_word' id='word_1_93' title='bbox 113 1563 116 1572; x_wconf 34' lang='grc' dir='ltr'>Ι</span> <span class='ocrx_word' id='word_1_94' title='bbox 185 1504 272 1554; x_wconf 89' lang='lat' dir='ltr'>eraut</span> <span class='ocrx_word' id='word_1_95' title='bbox 286 1497 317 1554; x_wconf 92' lang='lat' dir='ltr'>iu</span> <span class='ocrx_word' id='word_1_96' title='bbox 333 1515 429 1573; x_wconf 91' lang='lat' dir='ltr'>opere,</span> <span class='ocrx_word' id='word_1_97' title='bbox 445 1498 583 1556; x_wconf 86' lang='lat' dir='ltr'>celeriter</span> <span class='ocrx_word' id='word_1_98' title='bbox 596 1499 710 1555; x_wconf 86' lang='lat' dir='ltr'>facturn</span> <span class='ocrx_word' id='word_1_99' title='bbox 724 1503 781 1567; x_wconf 90' lang='lat' dir='ltr'>est,</span> <span class='ocrx_word' id='word_1_100' title='bbox 794 1503 828 1555; x_wconf 89' lang='lat' dir='ltr'>ut</span> <span class='ocrx_word' id='word_1_101' title='bbox 843 1496 894 1553; x_wconf 90' lang='lat' dir='ltr'>alii</span> <span class='ocrx_word' id='word_1_102' title='bbox 910 1496 1072 1571; x_wconf 90' lang='lat' dir='ltr'>eruptioni·</span> 
     </span>
     <span class='ocr_line' id='line_1_16' title="bbox 134 1577 1071 1651; baseline 0 -17"><span class='ocrx_word' id='word_1_103' title='bbox 134 1583 169 1640; x_wconf 89' lang='lat'>15</span> <span class='ocrx_word' id='word_1_104' title='bbox 185 1577 242 1634; x_wconf 90' lang='lat' dir='ltr'>bns</span> <span class='ocrx_word' id='word_1_105' title='bbox 264 1577 449 1649; x_wconf 85' lang='lat' dir='ltr'>resisterent,</span> <span class='ocrx_word' id='word_1_106' title='bbox 472 1579 524 1635; x_wconf 89' lang='lat' dir='ltr'>alii</span> <span class='ocrx_word' id='word_1_107' title='bbox 545 1584 645 1635; x_wconf 88' lang='lat' dir='ltr'>turres</span> <span class='ocrx_word' id='word_1_108' title='bbox 665 1578 843 1636; x_wconf 88' lang='lat' dir='ltr'>reducerent</span> <span class='ocrx_word' id='word_1_109' title='bbox 867 1593 1071 1651; x_wconf 86' lang='lat' dir='ltr'>aggeremque</span> 
     </span>
     <span class='ocr_line' id='line_1_17' title="bbox 184 1656 1117 1729; baseline 0.001 -16"><span class='ocrx_word' id='word_1_110' title='bbox 184 1656 442 1729; x_wconf 87' lang='lat' dir='ltr'>intersciuderent,</span> <span class='ocrx_word' id='word_1_111' title='bbox 458 1659 557 1716; x_wconf 88' lang='lat' dir='ltr'>omnis</span> <span class='ocrx_word' id='word_1_112' title='bbox 572 1676 644 1716; x_wconf 82' lang='lat' dir='ltr'>vero</span> <span class='ocrx_word' id='word_1_113' title='bbox 665 1677 702 1716; x_wconf 89' lang='lat' dir='ltr'>ex</span> <span class='ocrx_word' id='word_1_114' title='bbox 722 1658 832 1716; x_wconf 88' lang='lat' dir='ltr'>castris</span> <span class='ocrx_word' id='word_1_115' title='bbox 852 1656 1016 1714; x_wconf 86' lang='lat' dir='ltr'>multitudo</span> <span class='ocrx_word' id='word_1_116' title='bbox 1032 1656 1072 1714; x_wconf 89' lang='lat' dir='ltr'>ed</span> <span class='ocrx_word' id='word_1_117' title='bbox 1113 1667 1117 1674; x_wconf 83' lang='grc'>’</span> 
     </span>
     <span class='ocr_line' id='line_1_18' title="bbox 185 1739 734 1813; baseline 0.005 -19"><span class='ocrx_word' id='word_1_118' title='bbox 185 1739 437 1813; x_wconf 84' lang='lat' dir='ltr'>restinguendum</span> <span class='ocrx_word' id='word_1_119' title='bbox 453 1744 649 1796; x_wconf 88' lang='lat' dir='ltr'>concurreret.</span> <span class='ocrx_word' id='word_1_120' title='bbox 733 1786 734 1789; x_wconf 62' lang='lat'>,</span> 
     </span>
     <span class='ocr_line' id='line_1_19' title="bbox 227 1816 1071 1892; baseline -0.002 -16"><span class='ocrx_word' id='word_1_121' title='bbox 227 1822 272 1876; x_wconf 79' lang='lat'>25.</span> <span class='ocrx_word' id='word_1_122' title='bbox 296 1818 374 1876; x_wconf 79' lang='lat' dir='ltr'>Cum</span> <span class='ocrx_word' id='word_1_123' title='bbox 389 1819 420 1875; x_wconf 89' lang='lat' dir='ltr'>in</span> <span class='ocrx_word' id='word_1_124' title='bbox 435 1819 575 1876; x_wconf 89' lang='lat' dir='ltr'>omnibus</span> <span class='ocrx_word' id='word_1_125' title='bbox 589 1819 663 1876; x_wconf 88' lang='lat' dir='ltr'>locis</span> <span class='ocrx_word' id='word_1_126' title='bbox 678 1824 859 1892; x_wconf 88' lang='lat' dir='ltr'>consumpta</span> <span class='ocrx_word' id='word_1_127' title='bbox 874 1819 940 1892; x_wconf 90' lang='lat' dir='ltr'>jam</span> <span class='ocrx_word' id='word_1_128' title='bbox 954 1816 1071 1892; x_wconf 88' lang='lat' dir='ltr'>reliqua</span> 
     </span>
     <span class='ocr_line' id='line_1_20' title="bbox 185 1896 1070 1975; baseline -0.001 -20"><span class='ocrx_word' id='word_1_129' title='bbox 185 1904 270 1974; x_wconf 90' lang='lat' dir='ltr'>parte</span> <span class='ocrx_word' id='word_1_130' title='bbox 293 1899 391 1956; x_wconf 89' lang='lat' dir='ltr'>noctis</span> <span class='ocrx_word' id='word_1_131' title='bbox 414 1906 609 1974; x_wconf 79' lang='lat' dir='ltr'>pugnaretur,</span> <span class='ocrx_word' id='word_1_132' title='bbox 634 1915 811 1975; x_wconf 85' lang='lat' dir='ltr'>semperque</span> <span class='ocrx_word' id='word_1_133' title='bbox 840 1896 979 1956; x_wconf 89' lang='lat' dir='ltr'>hostibus</span> <span class='ocrx_word' id='word_1_134' title='bbox 1000 1915 1070 1973; x_wconf 88' lang='lat' dir='ltr'>spes</span> 
     </span>
     <span class='ocr_line' id='line_1_21' title="bbox 133 1978 1070 2053; baseline -0.002 -15"><span class='ocrx_word' id='word_1_135' title='bbox 133 1982 170 2038; x_wconf 78' lang='lat'>20</span> <span class='ocrx_word' id='word_1_136' title='bbox 187 1978 321 2035; x_wconf 75' lang='lat' dir='ltr'>victoria</span> <span class='ocrx_word' id='word_1_137' title='bbox 350 1978 618 2053; x_wconf 86' lang='lat' dir='ltr'>redintegraretur,</span> <span class='ocrx_word' id='word_1_138' title='bbox 641 1997 677 2036; x_wconf 93' lang='lat' dir='ltr'>eo</span> <span class='ocrx_word' id='word_1_139' title='bbox 702 1979 810 2053; x_wconf 80' lang='lat' dir='ltr'>magis,</span> <span class='ocrx_word' id='word_1_140' title='bbox 834 1979 916 2052; x_wconf 93' lang='lat' dir='ltr'>qnod</span> <span class='ocrx_word' id='word_1_141' title='bbox 944 1978 1070 2036; x_wconf 87' lang='lat' dir='ltr'>deustos</span> 
     </span>
     <span class='ocr_line' id='line_1_22' title="bbox 185 2057 1071 2133; baseline 0.003 -21"><span class='ocrx_word' id='word_1_142' title='bbox 185 2057 305 2132; x_wconf 86' lang='lat' dir='ltr'>pluteos</span> <span class='ocrx_word' id='word_1_143' title='bbox 320 2059 450 2116; x_wconf 88' lang='lat' dir='ltr'>turrium</span> <span class='ocrx_word' id='word_1_144' title='bbox 462 2059 609 2116; x_wconf 89' lang='lat' dir='ltr'>videbant</span> <span class='ocrx_word' id='word_1_145' title='bbox 624 2077 678 2116; x_wconf 89' lang='lat' dir='ltr'>nee</span> <span class='ocrx_word' id='word_1_146' title='bbox 693 2058 780 2116; x_wconf 87' lang='lat' dir='ltr'>lacile</span> <span class='ocrx_word' id='word_1_147' title='bbox 797 2058 879 2115; x_wconf 87' lang='lat' dir='ltr'>adire</span> <span class='ocrx_word' id='word_1_148' title='bbox 895 2064 1015 2133; x_wconf 85' lang='lat' dir='ltr'>apertos</span> <span class='ocrx_word' id='word_1_149' title='bbox 1032 2057 1071 2116; x_wconf 91' lang='lat' dir='ltr'>ad</span> 
     </span>
     <span class='ocr_line' id='line_1_23' title="bbox 186 2137 1072 2213; baseline 0.002 -21"><span class='ocrx_word' id='word_1_150' title='bbox 186 2137 392 2196; x_wconf 85' lang='lat' dir='ltr'>auxiliandum</span> <span class='ocrx_word' id='word_1_151' title='bbox 422 2139 714 2208; x_wconf 87' lang='lat' dir='ltr'>animadvertebant,</span> <span class='ocrx_word' id='word_1_152' title='bbox 737 2155 913 2213; x_wconf 87' lang='lat' dir='ltr'>semperque</span> <span class='ocrx_word' id='word_1_153' title='bbox 942 2137 1000 2213; x_wconf 91' lang='lat' dir='ltr'>ipsi</span> <span class='ocrx_word' id='word_1_154' title='bbox 1027 2155 1072 2194; x_wconf 89' lang='lat' dir='ltr'>re·</span> 
     </span>
     <span class='ocr_line' id='line_1_24' title="bbox 185 2217 1071 2294; baseline 0 -20"><span class='ocrx_word' id='word_1_155' title='bbox 185 2224 287 2276; x_wconf 84' lang='lat' dir='ltr'>centes</span> <span class='ocrx_word' id='word_1_156' title='bbox 309 2217 437 2276; x_wconf 86' lang='lat' dir='ltr'>defessis</span> <span class='ocrx_word' id='word_1_157' title='bbox 459 2220 653 2277; x_wconf 88' lang='lat' dir='ltr'>succederent</span> <span class='ocrx_word' id='word_1_158' title='bbox 675 2235 854 2294; x_wconf 90' lang='lat' dir='ltr'>omnemque</span> <span class='ocrx_word' id='word_1_159' title='bbox 870 2217 977 2276; x_wconf 76' lang='lat' dir='ltr'>Gallim</span> <span class='ocrx_word' id='word_1_160' title='bbox 993 2217 1071 2274; x_wconf 91' lang='lat' dir='ltr'>salu-</span> 
     </span>
     <span class='ocr_line' id='line_1_25' title="bbox 158 2297 1069 2375; baseline 0 -21"><span class='ocrx_word' id='word_1_161' title='bbox 158 2359 161 2364; x_wconf 57' lang='lat'>,</span> <span class='ocrx_word' id='word_1_162' title='bbox 185 2304 247 2354; x_wconf 90' lang='lat' dir='ltr'>tem</span> <span class='ocrx_word' id='word_1_163' title='bbox 262 2299 292 2354; x_wconf 91' lang='lat' dir='ltr'>in</span> <span class='ocrx_word' id='word_1_164' title='bbox 309 2299 361 2355; x_wconf 93' lang='lat' dir='ltr'>illo</span> <span class='ocrx_word' id='word_1_165' title='bbox 375 2299 508 2374; x_wconf 88' lang='lat' dir='ltr'>vestigio</span> <span class='ocrx_word' id='word_1_166' title='bbox 523 2300 668 2375; x_wconf 85' lang='lat' dir='ltr'>temporis</span> <span class='ocrx_word' id='word_1_167' title='bbox 683 2300 815 2374; x_wconf 88' lang='lat' dir='ltr'>positam</span> <span class='ocrx_word' id='word_1_168' title='bbox 832 2297 1069 2372; x_wconf 84' lang='lat' dir='ltr'>arbitrarentnr;</span> 
     </span>
     <span class='ocr_line' id='line_1_26' title="bbox 132 2378 1070 2454; baseline -0.004 -16"><span class='ocrx_word' id='word_1_169' title='bbox 132 2382 169 2438; x_wconf 79' lang='lat'>25</span> <span class='ocrx_word' id='word_1_170' title='bbox 186 2379 295 2436; x_wconf 89' lang='lat' dir='ltr'>accidit</span> <span class='ocrx_word' id='word_1_171' title='bbox 316 2379 559 2454; x_wconf 87' lang='lat' dir='ltr'>inspectantibus</span> <span class='ocrx_word' id='word_1_172' title='bbox 581 2380 668 2437; x_wconf 88' lang='lat' dir='ltr'>nobis</span> <span class='ocrx_word' id='word_1_173' title='bbox 684 2380 764 2454; x_wconf 93' lang='lat' dir='ltr'>quod</span> <span class='ocrx_word' id='word_1_174' title='bbox 780 2379 907 2454; x_wconf 89' lang='lat' dir='ltr'>dignum</span> <span class='ocrx_word' id='word_1_175' title='bbox 923 2378 1070 2435; x_wconf 86' lang='lat' dir='ltr'>memoria</span> 
     </span>
     <span class='ocr_line' id='line_1_27' title="bbox 186 2458 1069 2533; baseline 0.002 -21"><span class='ocrx_word' id='word_1_176' title='bbox 186 2459 285 2516; x_wconf 91' lang='lat' dir='ltr'>visum</span> <span class='ocrx_word' id='word_1_177' title='bbox 300 2459 542 2533; x_wconf 80' lang='lat' dir='ltr'>praetereundum</span> <span class='ocrx_word' id='word_1_178' title='bbox 564 2477 623 2517; x_wconf 92' lang='lat' dir='ltr'>nou</span> <span class='ocrx_word' id='word_1_179' title='bbox 641 2459 892 2516; x_wconf 81' lang='lat' dir='ltr'>existimavimus</span> <span class='ocrx_word' id='word_1_180' title='bbox 936 2458 1069 2532; x_wconf 78' lang='lat' dir='ltr'>Quidam</span> 
     </span>
    </p>
   </div>
   <div class='ocr_carea' id='block_1_4' title="bbox 185 2536 1155 2614">
    <p class='ocr_par' dir='ltr' id='par_1_4' title="bbox 185 2536 1155 2614">
     <span class='ocr_line' id='line_1_28' title="bbox 185 2536 1155 2614; baseline 0.001 -19"><span class='ocrx_word' id='word_1_181' title='bbox 185 2545 255 2596; x_wconf 91' lang='lat' dir='ltr'>ante</span> <span class='ocrx_word' id='word_1_182' title='bbox 276 2544 395 2612; x_wconf 89' lang='lat' dir='ltr'>portam</span> <span class='ocrx_word' id='word_1_183' title='bbox 418 2540 522 2614; x_wconf 90' lang='lat' dir='ltr'>oppidi</span> <span class='ocrx_word' id='word_1_184' title='bbox 544 2538 659 2608; x_wconf 85' lang='lat' dir='ltr'>Gallus,</span> <span class='ocrx_word' id='word_1_185' title='bbox 676 2539 727 2614; x_wconf 89' lang='lat' dir='ltr'>qni</span> <span class='ocrx_word' id='word_1_186' title='bbox 749 2557 803 2613; x_wconf 91' lang='lat' dir='ltr'>per</span> <span class='ocrx_word' id='word_1_187' title='bbox 823 2557 932 2596; x_wconf 83' lang='lat' dir='ltr'>manus</span> <span class='ocrx_word' id='word_1_188' title='bbox 947 2539 1012 2596; x_wconf 85' lang='lat' dir='ltr'>sevi</span> <span class='ocrx_word' id='word_1_189' title='bbox 1035 2557 1069 2596; x_wconf 88' lang='lat' dir='ltr'>ao</span> <span class='ocrx_word' id='word_1_190' title='bbox 1151 2536 1155 2543; x_wconf 80' lang='grc'><em>“</em></span> 
     </span>
    </p>
   </div>
   <div class='ocr_carea' id='block_1_5' title="bbox 132 2617 1104 3572">
    <p class='ocr_par' dir='ltr' id='par_1_5' title="bbox 132 2617 1104 3572">
     <span class='ocr_line' id='line_1_29' title="bbox 184 2617 1069 2694; baseline 0.002 -20"><span class='ocrx_word' id='word_1_191' title='bbox 184 2619 261 2692; x_wconf 87' lang='lat' dir='ltr'>picis</span> <span class='ocrx_word' id='word_1_192' title='bbox 276 2619 405 2676; x_wconf 85' lang='lat' dir='ltr'>traditas</span> <span class='ocrx_word' id='word_1_193' title='bbox 427 2620 533 2694; x_wconf 82' lang='lat' dir='ltr'>glebas</span> <span class='ocrx_word' id='word_1_194' title='bbox 554 2619 585 2676; x_wconf 93' lang='lat' dir='ltr'>iu</span> <span class='ocrx_word' id='word_1_195' title='bbox 607 2619 709 2693; x_wconf 85' lang='lat' dir='ltr'>ignem</span> <span class='ocrx_word' id='word_1_196' title='bbox 725 2636 740 2676; x_wconf 90' lang='lat' dir='ltr'>e</span> <span class='ocrx_word' id='word_1_197' title='bbox 756 2617 879 2693; x_wconf 88' lang='lat' dir='ltr'>regione</span> <span class='ocrx_word' id='word_1_198' title='bbox 893 2620 987 2676; x_wconf 89' lang='lat' dir='ltr'>turris</span> <span class='ocrx_word' id='word_1_199' title='bbox 1004 2637 1069 2693; x_wconf 87' lang='lat' dir='ltr'>pro·</span> 
     </span>
     <span class='ocr_line' id='line_1_30' title="bbox 188 2698 1069 2774; baseline 0.001 -21"><span class='ocrx_word' id='word_1_200' title='bbox 188 2698 321 2772; x_wconf 87' lang='lat' dir='ltr'>jiciebat,</span> <span class='ocrx_word' id='word_1_201' title='bbox 337 2699 496 2774; x_wconf 87' lang='lat' dir='ltr'>scorpione</span> <span class='ocrx_word' id='word_1_202' title='bbox 517 2699 555 2755; x_wconf 90' lang='lat' dir='ltr'>ab</span> <span class='ocrx_word' id='word_1_203' title='bbox 576 2699 669 2756; x_wconf 90' lang='lat' dir='ltr'>latere</span> <span class='ocrx_word' id='word_1_204' title='bbox 690 2699 796 2756; x_wconf 86' lang='lat' dir='ltr'>dextro</span> <span class='ocrx_word' id='word_1_205' title='bbox 817 2699 1000 2770; x_wconf 75' lang='lat' dir='ltr'>transieetus</span> <span class='ocrx_word' id='word_1_206' title='bbox 1021 2715 1069 2755; x_wconf 84' lang='lat' dir='ltr'>ex-</span> 
     </span>
     <span class='ocr_line' id='line_1_31' title="bbox 132 2777 1068 2854; baseline -0.005 -15"><span class='ocrx_word' id='word_1_207' title='bbox 132 2779 398 2854; x_wconf 68' lang='lat' dir='ltr'>resumensque</span> <span class='ocrx_word' id='word_1_208' title='bbox 433 2779 572 2837; x_wconf 90' lang='lat' dir='ltr'>concidit.</span> <span class='ocrx_word' id='word_1_209' title='bbox 626 2779 718 2836; x_wconf 89' lang='lat' dir='ltr'>Hunc</span> <span class='ocrx_word' id='word_1_210' title='bbox 746 2795 783 2836; x_wconf 87' lang='lat' dir='ltr'>ex</span> <span class='ocrx_word' id='word_1_211' title='bbox 809 2777 955 2853; x_wconf 84' lang='lat' dir='ltr'>proximis</span> <span class='ocrx_word' id='word_1_212' title='bbox 989 2794 1068 2834; x_wconf 90' lang='lat' dir='ltr'>unus</span> 
     </span>
     <span class='ocr_line' id='line_1_32' title="bbox 187 2857 1068 2934; baseline -0.002 -18"><span class='ocrx_word' id='word_1_213' title='bbox 187 2859 347 2932; x_wconf 28' lang='lat' dir='ltr'>jacentem·</span> <span class='ocrx_word' id='word_1_214' title='bbox 366 2864 576 2934; x_wconf 84' lang='lat' dir='ltr'>transgressus</span> <span class='ocrx_word' id='word_1_215' title='bbox 603 2858 709 2916; x_wconf 90' lang='lat' dir='ltr'>eodem</span> <span class='ocrx_word' id='word_1_216' title='bbox 738 2858 789 2915; x_wconf 91' lang='lat' dir='ltr'>illo</span> <span class='ocrx_word' id='word_1_217' title='bbox 812 2875 936 2914; x_wconf 89' lang='lat' dir='ltr'>munere</span> <span class='ocrx_word' id='word_1_218' title='bbox 965 2857 1068 2932; x_wconf 86' lang='lat' dir='ltr'>iunge-</span> 
     </span>
     <span class='ocr_line' id='line_1_33' title="bbox 185 2936 1068 3016; baseline -0.001 -20"><span class='ocrx_word' id='word_1_219' title='bbox 185 2939 291 2996; x_wconf 87' lang='lat' dir='ltr'>batur:</span> <span class='ocrx_word' id='word_1_220' title='bbox 326 2939 433 2996; x_wconf 88' lang='lat' dir='ltr'>eadem</span> <span class='ocrx_word' id='word_1_221' title='bbox 462 2939 579 3016; x_wconf 82' lang='lat' dir='ltr'>ratione</span> <span class='ocrx_word' id='word_1_222' title='bbox 606 2938 669 2995; x_wconf 91' lang='lat' dir='ltr'>ictu</span> <span class='ocrx_word' id='word_1_223' title='bbox 698 2937 864 3013; x_wconf 88' lang='lat' dir='ltr'>scorpionis</span> <span class='ocrx_word' id='word_1_224' title='bbox 893 2936 1068 2995; x_wconf 85' lang='lat' dir='ltr'>exanimato</span> 
     </span>
     <span class='ocr_line' id='line_1_34' title="bbox 185 3018 1067 3093; baseline -0.001 -18"><span class='ocrx_word' id='word_1_225' title='bbox 185 3019 273 3076; x_wconf 89' lang='lat' dir='ltr'>alteri</span> <span class='ocrx_word' id='word_1_226' title='bbox 288 3019 435 3076; x_wconf 89' lang='lat' dir='ltr'>successit</span> <span class='ocrx_word' id='word_1_227' title='bbox 455 3019 564 3076; x_wconf 88' lang='lat' dir='ltr'>tertius</span> <span class='ocrx_word' id='word_1_228' title='bbox 585 3023 617 3074; x_wconf 89' lang='lat' dir='ltr'>et</span> <span class='ocrx_word' id='word_1_229' title='bbox 631 3018 720 3076; x_wconf 89' lang='lat' dir='ltr'>tertio</span> <span class='ocrx_word' id='word_1_230' title='bbox 741 3024 885 3093; x_wconf 79' lang='lat' dir='ltr'>quartus3</span> <span class='ocrx_word' id='word_1_231' title='bbox 907 3036 962 3076; x_wconf 91' lang='lat' dir='ltr'>uec</span> <span class='ocrx_word' id='word_1_232' title='bbox 982 3019 1067 3093; x_wconf 73' lang='lat' dir='ltr'>rrius</span> 
     </span>
     <span class='ocr_line' id='line_1_35' title="bbox 184 3096 1065 3174; baseline -0.001 -19"><span class='ocrx_word' id='word_1_233' title='bbox 184 3099 234 3156; x_wconf 92' lang='lat' dir='ltr'>ille</span> <span class='ocrx_word' id='word_1_234' title='bbox 259 3105 308 3156; x_wconf 89' lang='lat' dir='ltr'>est</span> <span class='ocrx_word' id='word_1_235' title='bbox 332 3116 350 3155; x_wconf 89' lang='lat' dir='ltr'>a</span> <span class='ocrx_word' id='word_1_236' title='bbox 377 3097 655 3174; x_wconf 82' lang='lat' dir='ltr'>propugnatoribus</span> <span class='ocrx_word' id='word_1_237' title='bbox 678 3115 793 3156; x_wconf 85' lang='lat' dir='ltr'>vacuus</span> <span class='ocrx_word' id='word_1_238' title='bbox 821 3096 945 3155; x_wconf 90' lang='lat' dir='ltr'>relictus</span> <span class='ocrx_word' id='word_1_239' title='bbox 972 3097 1065 3168; x_wconf 87' lang='lat' dir='ltr'>locus,</span> 
     </span>
     <span class='ocr_line' id='line_1_36' title="bbox 133 3177 1064 3252; baseline -0.004 -16"><span class='ocrx_word' id='word_1_240' title='bbox 133 3179 170 3237; x_wconf 81' lang='lat'>35</span> <span class='ocrx_word' id='word_1_241' title='bbox 186 3195 276 3252; x_wconf 82' lang='lat' dir='ltr'>qua-m</span> <span class='ocrx_word' id='word_1_242' title='bbox 300 3178 445 3234; x_wconf 83' lang='lat' dir='ltr'>restincto</span> <span class='ocrx_word' id='word_1_243' title='bbox 468 3195 579 3251; x_wconf 85' lang='lat' dir='ltr'>aggere</span> <span class='ocrx_word' id='word_1_244' title='bbox 605 3183 694 3252; x_wconf 89' lang='lat' dir='ltr'>atque</span> <span class='ocrx_word' id='word_1_245' title='bbox 718 3177 798 3234; x_wconf 90' lang='lat' dir='ltr'>omni</span> <span class='ocrx_word' id='word_1_246' title='bbox 821 3195 858 3234; x_wconf 84' lang='lat' dir='ltr'>ex</span> <span class='ocrx_word' id='word_1_247' title='bbox 879 3182 967 3252; x_wconf 87' lang='lat' dir='ltr'>parte</span> <span class='ocrx_word' id='word_1_248' title='bbox 998 3177 1064 3234; x_wconf 86' lang='lat' dir='ltr'>sub·</span> 
     </span>
     <span class='ocr_line' id='line_1_37' title="bbox 186 3255 905 3330; baseline 0.004 -19"><span class='ocrx_word' id='word_1_249' title='bbox 186 3255 277 3311; x_wconf 88' lang='lat' dir='ltr'>motis</span> <span class='ocrx_word' id='word_1_250' title='bbox 299 3255 439 3312; x_wconf 88' lang='lat' dir='ltr'>hostibus</span> <span class='ocrx_word' id='word_1_251' title='bbox 460 3255 527 3311; x_wconf 86' lang='lat' dir='ltr'>finis</span> <span class='ocrx_word' id='word_1_252' title='bbox 548 3261 595 3311; x_wconf 83' lang='lat' dir='ltr'>cst</span> <span class='ocrx_word' id='word_1_253' title='bbox 616 3257 773 3330; x_wconf 88' lang='lat' dir='ltr'>pugnandi</span> <span class='ocrx_word' id='word_1_254' title='bbox 798 3256 905 3314; x_wconf 85' lang='lat' dir='ltr'>factus.</span> 
     </span>
     <span class='ocr_line' id='line_1_38' title="bbox 228 3331 1067 3409; baseline 0.007 -22"><span class='ocrx_word' id='word_1_255' title='bbox 228 3335 273 3389; x_wconf 77' lang='lat'>26.</span> <span class='ocrx_word' id='word_1_256' title='bbox 298 3331 408 3389; x_wconf 89' lang='lat' dir='ltr'>Omnia</span> <span class='ocrx_word' id='word_1_257' title='bbox 420 3334 537 3407; x_wconf 88' lang='lat' dir='ltr'>experti</span> <span class='ocrx_word' id='word_1_258' title='bbox 554 3334 641 3396; x_wconf 83' lang='lat' dir='ltr'>Galli.</span> <span class='ocrx_word' id='word_1_259' title='bbox 657 3336 737 3409; x_wconf 93' lang='lat' dir='ltr'>quod</span> <span class='ocrx_word' id='word_1_260' title='bbox 753 3353 801 3392; x_wconf 89' lang='lat' dir='ltr'>res</span> <span class='ocrx_word' id='word_1_261' title='bbox 818 3337 903 3393; x_wconf 88' lang='lat' dir='ltr'>nulla</span> <span class='ocrx_word' id='word_1_262' title='bbox 919 3353 1067 3395; x_wconf 85' lang='lat' dir='ltr'>successe·</span> 
     </span>
     <span class='ocr_line' id='line_1_39' title="bbox 186 3408 1104 3492; baseline 0.007 -26"><span class='ocrx_word' id='word_1_263' title='bbox 186 3415 243 3478; x_wconf 89' lang='lat' dir='ltr'>rat,</span> <span class='ocrx_word' id='word_1_264' title='bbox 259 3415 379 3485; x_wconf 84' lang='lat' dir='ltr'>postero</span> <span class='ocrx_word' id='word_1_265' title='bbox 400 3411 449 3467; x_wconf 91' lang='lat' dir='ltr'>dic</span> <span class='ocrx_word' id='word_1_266' title='bbox 471 3412 629 3468; x_wconf 89' lang='lat' dir='ltr'>consilinm</span> <span class='ocrx_word' id='word_1_267' title='bbox 652 3420 794 3488; x_wconf 88' lang='lat' dir='ltr'>ceperunt</span> <span class='ocrx_word' id='word_1_268' title='bbox 812 3433 850 3472; x_wconf 80' lang='lat' dir='ltr'>ex</span> <span class='ocrx_word' id='word_1_269' title='bbox 869 3417 982 3492; x_wconf 91' lang='lat' dir='ltr'>oppido</span> <span class='ocrx_word' id='word_1_270' title='bbox 1003 3434 1066 3492; x_wconf 88' lang='lat' dir='ltr'>pro·</span> <span class='ocrx_word' id='word_1_271' title='bbox 1100 3408 1104 3415; x_wconf 73' lang='grc'><strong>’</strong></span> 
     </span>
     <span class='ocr_line' id='line_1_40' title="bbox 187 3487 1067 3572; baseline 0.013 -29"><span class='ocrx_word' id='word_1_272' title='bbox 187 3488 300 3561; x_wconf 85' lang='lat' dir='ltr'>fugere,</span> <span class='ocrx_word' id='word_1_273' title='bbox 330 3487 470 3546; x_wconf 85' lang='lat' dir='ltr'>hortante</span> <span class='ocrx_word' id='word_1_274' title='bbox 504 3495 535 3546; x_wconf 86' lang='lat' dir='ltr'>ct</span> <span class='ocrx_word' id='word_1_275' title='bbox 565 3493 689 3563; x_wconf 89' lang='lat' dir='ltr'>jubente</span> <span class='ocrx_word' id='word_1_276' title='bbox 719 3493 982 3572; x_wconf 85' lang='lat' dir='ltr'>Vercingetorige.</span> <span class='ocrx_word' id='word_1_277' title='bbox 1032 3496 1067 3554; x_wconf 95' lang='lat' dir='ltr'>ld</span> 
     </span>
    </p>
   </div>
   <div class='ocr_carea' id='block_1_6' title="bbox 0 0 1278 3774">
    <p class='ocr_par' dir='ltr' id='par_1_6' title="bbox 0 0 1278 3774">
     <span class='ocr_line' id='line_1_41' title="bbox 0 0 1278 3774; baseline 0 2"><span class='ocrx_word' id='word_1_278' title='bbox 0 0 1278 3774; x_wconf 95' lang='lat' dir='ltr'> </span> 
     </span>
    </p>
   </div>
  </div>
 </body>
</html>
