2548 3774
172 285 214 351 82
440 301 487 348 nn
512 300 632 348 annno
658 299 833 348 ennnroo.

222 451 308 522 citur,
336 451 417 527 quod
445 450 514 508 inde
543 456 608 508 crat
635 448 834 508 brevissimus
855 449 887 507 in
909 450 1103 509 BritannIam

221 532 409 605 transjectus.
455 529 525 588 Huc
547 547 640 588 naves
655 529 788 604 undique
803 547 840 586 ex
854 528 989 587 finitimis
1003 533 1100 606 regio·

222 611 311 668 nibus
331 617 370 680 et,
386 627 478 685 quam
500 610 651 685 superiore
666 615 772 666 aestate
795 609 832 666 ad
848 609 1029 667 Veneticum
1045 611 1102 668 bel·

221 689 444 766 lumleffeeerat,
457 690 584 747 classem
594 690 681 764 jubet
690 689 857 746 convenire.
893 689 1020 746 Interim
1036 709 1103 748 eon·

188 772 206 829 h
222 771 291 828 silio
305 773 370 845 ejus
391 770 512 844 cognito
526 775 557 827 et
577 787 631 844 per
651 775 833 826 mercatores
847 769 964 844 perlato
985 772 1022 827 ad
1039 771 1103 827 Bri-

222 856 343 919 tannos,
369 867 388 906 a
413 849 617 924 compluribus
642 851 707 922 ejus
733 848 838 906 insulae
862 849 1038 906 civitatibus
1062 851 1102 909 ad

221 946 291 987 cum
313 930 405 1004 legati
429 929 562 998 veniunt,
585 929 636 1004 qui
664 928 862 1004 polliceantur
883 929 1002 986 obsides
1030 930 1102 987 dare

221 1015 312 1085 atque
328 1009 452 1084 imperio
463 1009 565 1084 populi
583 1008 716 1066 Romani
732 1008 947 1085 obtemperare.
985 1009 1102 1082 Quibus

223 1089 343 1158 auditis,
367 1089 531 1146 liberaliter
551 1088 712 1163 pollicitus,
735 1087 933 1164 hortatusque
956 1095 990 1146 ut
1014 1089 1044 1146 in
1066 1107 1103 1146 ea

172 1169 207 1227 10
222 1169 375 1226 sententia
395 1175 614 1244 permanerent,
630 1185 682 1225 eos
697 1167 820 1225 demum
841 1169 972 1225 remittit
988 1175 1102 1226 etcum

222 1248 271 1305 his
294 1267 354 1306 una
378 1248 560 1319 Commium,
585 1265 673 1323 quem
698 1247 761 1323 ipse
793 1248 994 1306 Atrebatibus
1017 1266 1103 1323 supe-

221 1328 298 1385 ratis
329 1345 431 1402 regem
454 1328 495 1384 ibi
516 1329 723 1397 constituerat,
746 1328 830 1401 cujus
851 1334 882 1384 et
905 1329 1048 1385 virtutem
1070 1334 1103 1386 et

221 1407 379 1465 consilium
397 1407 558 1483 probabat,
582 1413 614 1464 et
637 1425 726 1482 quem
754 1407 811 1463 sibi
835 1407 951 1464 fidelem
980 1409 1103 1465 arbitra·

221 1488 318 1555 batur,
341 1489 483 1562 cujusque
505 1488 669 1544 auctoritas
691 1487 721 1542 in
743 1486 780 1543 iis
801 1487 976 1561 regionibus
997 1489 1102 1562 magni

170 1568 206 1628 15
222 1566 397 1639 habebatur,
413 1567 515 1624 mittit.
560 1567 641 1623 Huic
663 1566 798 1641 imperat,
809 1585 884 1641 quas
899 1567 997 1640 possit
1011 1568 1102 1625 adeat

220 1647 369 1717 civitatee,
393 1646 586 1721 horteturque
608 1652 640 1704 ut
662 1646 764 1721 populi
786 1646 919 1702 Romani
942 1646 1032 1703 fidem
1059 1665 1103 1704 se·

219 1733 370 1800 quantur;
406 1743 497 1802 seque
532 1726 669 1783 celeriter
702 1743 737 1802 eo
773 1731 934 1782 venturum
960 1719 1100 1784 'nunciet

221 1806 395 1863 Volusenus
411 1806 578 1881 perspectis
599 1804 773 1880 regionibus
788 1806 937 1874 omnibus
953 1813 1101 1880 quantum

220 1885 248 1942 ei
276 1885 431 1942 facultatis
460 1886 525 1943 dari
553 1885 660 1959 potuit,
690 1884 740 1959 qui
769 1885 841 1941 navi
871 1886 974 1960 egredi
1006 1904 1040 1943 ec
1068 1903 1101 1944 se

168 1969 206 2025 20
220 1965 357 2022 barbaris
385 1965 572 2022 committere
602 1982 662 2022 non
691 1965 823 2035 auderet,
852 1965 958 2040 quinto
986 1966 1034 2024 die
1063 1965 1101 2022 ad

222 2043 373 2104 Oaesarem
400 2044 578 2118 revertitur;
610 2061 733 2120 quaeque
762 2044 804 2101 ibi
832 2045 1035 2121 perspexisset
1058 2063 1101 2103 re-

221 2125 352 2183 nunciat.
624 2125 626 2130 ’

246 2207 306 2262 222.
330 2203 410 2261 Dum
432 2203 462 2259 in
484 2203 531 2260 his
545 2202 620 2260 loeis
636 2202 739 2261 Oaesar
754 2203 878 2261 navium
898 2204 1100 2280 parandarum

220 2301 313 2341 causa
327 2288 471 2352 moratur,
486 2301 524 2340 ex
544 2301 656 2358 niagno
676 2289 761 2359 parte
777 2283 963 2341 Morinorum
979 2284 1101 2342 adeum

168 2365 204 2422 25
219 2363 313 2438 legati
335 2369 492 2433 venerunt,
509 2363 559 2438 qui
580 2381 612 2420 se
634 2363 671 2420 de
693 2363 854 2438 superioris
875 2365 1019 2439 temporis
1034 2380 1102 2421 con·

219 2443 287 2500 silio
311 2447 496 2514 excusarent,
520 2443 599 2516 quod
624 2441 761 2498 homines
791 2443 912 2500 barbari
937 2449 968 2500 et
991 2450 1101 2500 nostrae

219 2522 449 2580 consuetudinis
464 2521 595 2596 imperiti
617 2521 728 2578 bellum
740 2523 851 2598 populo
863 2523 1002 2580 Romano
1017 2524 1102 2580 fecis-

220 2608 295 2671 sent,
308 2619 398 2677 seque
410 2620 454 2672 ea,
466 2619 530 2677 quae
543 2602 727 2677 imperasset,
738 2603 870 2660 facturos
881 2603 1099 2679 pollicerentur.

221 2681 289 2740 Hoc
305 2681 363 2738 sihi
379 2681 455 2738 satis
471 2687 638 2756 opportune
651 2681 753 2739 Oaesor
767 2682 911 2739 accidisse
924 2683 1099 2755 arbitratus,

166 2764 205 2821 30
219 2763 298 2836 quod
319 2779 416 2836 neque
432 2767 502 2835 post
516 2770 635 2835 tergum
654 2761 771 2819 hostem
787 2762 952 2836 relinquere
969 2763 1099 2833 volebat,

219 2859 314 2916 neque
329 2841 400 2898 belli
416 2841 539 2914 gerendi
559 2848 680 2916 propter
695 2841 765 2898 anni
779 2847 900 2916 tempus
922 2842 1100 2900 facultatem

219 2920 358 2990 habebat,
374 2937 468 2994 neque
491 2920 545 2977 has
563 2921 749 2977 tantularum
767 2939 865 2977 rerum
886 2922 1100 2998 occupationes

219 3001 276 3057 sihi
292 3001 457 3058 Britanniae
473 3001 699 3074 anteponendas
709 3001 874 3074 judicabat,
887 3018 1033 3075 magnum
1050 3001 1100 3060 his

219 3080 357 3137 obsidum
380 3096 535 3135 numerum
562 3079 697 3154 imperat.
745 3081 862 3156 Quibus
885 3081 1022 3139 adductis
1046 3099 1100 3140 eos

167 3162 203 3218 35
219 3159 249 3215 in
273 3159 359 3217 fidem
382 3159 502 3232 reecpit.
553 3157 694 3216 Navibus
716 3159 833 3217 circiter
855 3161 1011 3235 octoginta
1032 3178 1100 3218 one-

218 3239 306 3295 rariis
327 3237 441 3295 coactis
456 3238 686 3313 contractisque,
703 3246 776 3313 quot
791 3240 867 3297 satis
886 3257 952 3298 esse
968 3241 1006 3298 ad
1022 3241 1099 3299 duas

218 3316 468 3392 transportandas
495 3316 630 3389 legiones
659 3317 864 3390 existimabat,
893 3320 974 3395 quod
995 3329 1099 3394 praete-

149 3423 150 3426 ¹
217 3413 269 3452 rea
296 3395 419 3452 navium
448 3396 607 3469 longarum
637 3396 778 3468 habebat,
804 3401 954 3474 quaesteri,
977 3399 1097 3474 legatis,

218 3475 424 3550 praefectisque
439 3474 601 3532 distribuit.
645 3475 715 3534 Huc
735 3479 917 3538 accedebant
930 3479 1096 3539 octodecim
