2548 3774
500 302 847 358 rxunusnrrruus.¹
1067 291 1129 353 143

195 455 405 532 principesque
426 471 464 510 ex
485 443 626 510 omnibus
646 453 760 510 bellum
783 454 915 512 facturos
936 454 1078 530 pollicen-

195 541 262 608 tur;
283 540 315 592 et
329 533 471 610 quoniam
487 533 519 589 in
533 534 693 607 praesentia
708 533 865 592 obsidibus
879 552 985 592 cavere
999 535 1079 593 inter

196 632 228 672 se
249 632 310 672 non
334 613 461 688 possint,
478 630 515 670 ne
537 630 585 670 res
608 613 755 682 efferatur,
772 621 806 670 ut
826 615 1020 688 jurejurando
1043 633 1077 673 ac

196 693 252 752 ude
268 694 430 763 sanciatur,
446 699 563 768 petunt,
577 693 696 750 collatis
710 693 892 750 militaribus
907 695 1003 768 signis
1018 713 1077 770 quo

197 791 279 832 more
308 791 413 830 eorum
442 773 626 844 gravissima
646 773 816 830 caerimonia
845 774 1021 846 continetur,
1040 793 1077 832 ne
1110 777 1127 834 5

197 853 277 911 facto
298 853 387 910 initio
409 852 479 910 belli
500 852 538 908 ab
559 853 684 928 reliquis
699 853 886 911 deserantur.
929 853 1006 910 Tum
1022 855 1079 912 col·

197 931 329 991 laudatis
352 931 546 1002 Carnutibus,
563 932 636 989 dato
654 933 848 1006 jurejmando
871 933 910 990 ab
935 935 1077 992 omuibus

198 1013 247 1088 qui
263 1013 397 1083 aderaut,
413 1019 549 1087 tempore
571 1013 635 1087 ejus
650 1012 692 1069 rei
707 1014 881 1083 constituto,
898 1013 936 1070 ab
950 1014 1076 1072 concilio

196 1092 369 1150 disceditur.

236 1176 263 1230 3.
287 1172 349 1230 Ubi
363 1189 400 1229 ea
410 1170 475 1228 dies
485 1170 577 1242 venit,
590 1170 749 1240 Carnutes,
762 1171 894 1230 Cotuato
909 1177 940 1230 et
950 1172 1078 1231 Consta
1094 1174 1129 1233 lu

197 1251 298 1309 dunno
314 1251 447 1322 ducibus,
457 1250 624 1326 desperatis
639 1251 821 1322 hominibus,
833 1251 990 1310 Cenabum
1006 1252 1077 1311 dato

197 1331 286 1407 signo
301 1335 484 1391 concurrunt
502 1331 642 1406 civesque
657 1331 822 1401 Romanos,
834 1331 885 1406 qui
901 1333 1078 1407 negotiandi

196 1429 288 1469 causa
302 1411 344 1468 ibi
359 1410 567 1481 constiterant,
579 1411 609 1467 in
631 1409 679 1468 his
695 1411 804 1469 Caium
821 1411 948 1469 Fusium
965 1411 1076 1484 Citam,

199 1491 357 1548 honestum
379 1491 511 1566 equitem
534 1489 717 1560 Romanum,
735 1491 787 1566 qui
808 1491 850 1548 rei
872 1491 1076 1550 frumentaria

197 1572 286 1644 jussu
309 1571 438 1630 Caesaris
458 1576 592 1645 praeerat,
609 1569 792 1628 interficiunt
812 1571 952 1646 bonaque
972 1589 1075 1629 eorum
1093 1575 1128 1632 15

196 1651 351 1724 diripiunt.
389 1649 533 1708 Celeriter
548 1650 587 1707 ad
602 1667 706 1707 omnes
717 1650 823 1710 Galliae
838 1651 980 1708 civitates
995 1652 1077 1709 fama

195 1731 344 1806 perfertur
353 1751 364 1788 ε·
391 1747 462 1786 narn
491 1729 671 1804 ubicumque
696 1731 792 1804 major
816 1738 907 1806 atque
931 1731 1078 1789 illustrior

195 1809 304 1868 incidit
325 1827 382 1878 res,
404 1809 534 1867 clamore
559 1827 612 1884 per
634 1827 724 1883 agros
749 1810 946 1886 regionesque
966 1811 1078 1886 signifi·

195 1896 284 1964 cant;
306 1889 385 1947 hunc
401 1889 449 1945 alii
465 1889 605 1964 deinceps
626 1889 781 1964 excipiunt
800 1896 832 1947 et
852 1891 996 1966 proximis
1016 1897 1076 1948 tra·

195 1970 273 2028 dunt
286 1991 293 2043 ;
308 1975 420 2026 uttam
437 1969 563 2026 accidit:
585 1987 657 2026 nam
671 1987 736 2044 quae
750 1969 867 2028 Genabi
882 1971 998 2028 oriente
1013 1971 1075 2028 sole
1092 1973 1129 2030 20

196 2056 286 2124 gesta
309 2055 419 2118 essent,
443 2054 513 2106 ante
541 2048 669 2124 primam
695 2050 862 2106 consectam
885 2050 1019 2125 vigiliam
1046 2050 1077 2107 in

196 2130 305 2187 tinibus
321 2129 528 2186 Arvernorum
544 2128 650 2186 audita
665 2134 754 2201 sunt;
775 2130 855 2204 quod
877 2131 1009 2206 spatium
1029 2137 1078 2188 est

195 2209 314 2266 milium
329 2207 445 2266 circiter
459 2213 580 2265 centum
595 2213 628 2265 et
642 2209 808 2282 sexaginta.
878 2257 879 2260 ,

199 2319 202 2326 «
237 2293 263 2347 4.
288 2287 385 2346 Simili
401 2288 519 2345 ratione
540 2287 584 2344 ibi
598 2287 840 2362 Vercingetorix,
857 2288 970 2347 Celtilli
987 2289 1074 2360 lilius,

196 2368 361 2438 Arvernus,
378 2384 503 2424 summae
523 2367 666 2443 potentiae
689 2367 872 2438 adolescens,
889 2371 972 2443 eujus
991 2376 1077 2446 pater
1092 2371 1128 2428 25

195 2449 399 2523 principatum
413 2447 520 2506 Galliae
535 2446 630 2505 totius
646 2447 820 2505 obtinuerat
834 2457 865 2505 et
880 2450 995 2506 obeam
1011 2468 1078 2508 cau-

196 2545 271 2598 eam,
287 2527 369 2602 quod
382 2543 508 2601 regnum
524 2526 695 2602 appetebat,
713 2526 750 2583 ab
765 2528 888 2585 civitate
903 2536 968 2586 erat
988 2530 1078 2588 inter·

196 2609 302 2677 lectae,
331 2605 506 2665 convocatis
535 2607 598 2664 suis
629 2606 790 2664 clientibus
818 2608 905 2666 facilc
934 2608 1076 2669 incendit.

197 2687 328 2762 Cognito
344 2688 409 2761 ejus
423 2685 549 2744 consilio
565 2686 603 2743 ad
619 2703 703 2743 arma
717 2688 919 2746 concurritur:
941 2689 1078 2763 prohibe-

196 2777 245 2824 tur
258 2767 296 2824 ab
312 2765 546 2836 Gobannitione,
562 2770 670 2842 patruo
692 2784 755 2836 suo,
771 2767 952 2843 reliquisque
972 2769 1078 2843 princi·
1092 2771 1129 2828 30

197 2847 294 2922 pibus,
311 2846 362 2920 qui
385 2844 463 2904 hanc
483 2845 661 2903 tentandam
677 2846 829 2903 fortunam
852 2865 911 2904 non
925 2849 1077 2906 existima·

197 2927 277 2997 bant,
301 2925 461 3000 expellitur
479 2942 517 2983 ex
541 2925 651 3001 oppido
675 2925 843 3001 Gergovia:
875 2945 935 2984 non
958 2929 1076 2987 destitit

195 3012 298 3064 tamen
321 3012 411 3080 atque
433 3005 463 3062 iu
486 3005 568 3080 agris
590 3004 683 3062 habet
696 3006 844 3063 delectum
867 3008 1022 3082 egentium
1044 3026 1078 3067 ac

195 3087 388 3162 perditorum.
424 3085 493 3142 Hac
508 3091 613 3143 coacta
627 3103 726 3156 manu,
739 3103 945 3162 quoscumque
961 3088 1026 3145 adit
1040 3106 1077 3146 ex

194 3167 329 3234 civitate,
346 3165 384 3222 ad
405 3181 491 3222 suam
507 3165 688 3222 sententiam
703 3166 858 3241 perducit;
880 3167 1026 3238 hortatur,
1042 3175 1076 3225 ut
1092 3169 1127 3226 35

195 3245 365 3304 communis
379 3244 530 3302 libertatis
546 3263 639 3302 causa
653 3263 736 3303 arma
747 3247 880 3321 capiant:
896 3249 1076 3324 magnisque

194 3326 308 3384 coactis
323 3325 418 3401 copiis
433 3325 623 3382 adversarios
645 3342 724 3396 suos,
742 3345 760 3382 a
775 3327 883 3401 quibus
899 3327 990 3400 paulo
1006 3334 1076 3384 ante

194 3411 259 3464 erat
273 3407 396 3480 ejectus,
406 3404 529 3480 expellit
543 3422 581 3462 ex
596 3405 729 3462 civitate.
761 3403 829 3462 Rex
844 3405 882 3462 ab
898 3406 961 3462 suis
977 3407 1074 3479 appel·

195 3485 293 3560 latur3
307 3483 436 3543 dimittit
450 3500 676 3561 quoqueversus
691 3483 877 3558 legationes,
896 3483 1075 3554 obtestatur,
