2524 3776
191 258 233 324 48
460 277 507 324 nu
532 277 653 326 sunno
679 278 855 327 ceturae.

285 427 329 490 ll.
353 426 414 486 His
434 428 524 487 rebus
545 429 685 504 segnitie,
701 428 906 506 exploratores
923 431 1121 492 centuriones·

242 527 300 584 que
315 509 479 584 praemittit,
495 509 547 584 qui
569 509 668 567 locum
688 509 830 567 idoneum
851 511 960 568 castris
975 511 1122 586 deligant.

241 588 320 646 Cum
348 606 386 647 ex
412 589 686 663 dediticiiseBelgis
708 589 891 664 reliquisque
920 589 1017 649 Gallis
1045 609 1124 650 com·

240 670 342 744 plures
368 669 521 728 Caesarem
543 669 639 727 secuti
663 686 724 726 una
745 669 803 726 iter
824 669 975 744 lacerent;
997 672 1122 746 quidam

208 747 277 805 bsx
292 747 348 819 his,
365 756 399 807 ut
419 755 527 825 postea
548 767 586 807 ex
608 749 739 823 captivis
762 749 917 823 cognitum
938 756 995 820 est,
1017 768 1122 809 cortun

240 828 357 886 dicrum
385 829 602 888 consuetudine
626 829 742 886 itineris
765 829 862 887 nostri
884 829 1034 888 exereitus
1057 848 1122 906 per·

239 914 350 984 specta,
379 916 467 968 nocte
495 910 534 968 ad
562 908 693 966 Nervios
719 915 922 984 pervenerunt
954 915 1043 985 atque
1072 911 1121 969 his

239 988 493 1059 demonstrarunt,
516 989 596 1046 inter
617 989 757 1063 singulas
778 989 912 1062 legiones
927 989 1122 1065 impedimen-

239 1073 339 1126 torum
360 1087 504 1145 magnum
532 1086 691 1126 numerum
719 1068 911 1138 intercedere,
934 1087 1031 1144 neque
1052 1089 1120 1129 esse

190 1146 224 1202 10
239 1149 399 1225 quicquam
423 1149 546 1224 negotii,
562 1166 631 1206 cum
652 1148 750 1223 prima
765 1149 845 1224 legio
860 1149 890 1205 in
905 1157 1007 1207 eastra
1022 1153 1121 1209 venis·

239 1234 286 1286 set
309 1230 489 1305 reliquaeque
505 1229 640 1304 legiones
656 1247 800 1303 maguum
819 1229 950 1304 spatium
967 1231 1118 1302 abessent,

239 1307 317 1366 hauc
331 1311 387 1367 sub
402 1310 532 1368 sarcinis
545 1309 673 1367 adoriri:
696 1327 757 1384 qua
771 1308 860 1384 pulsa
883 1310 1121 1387 impedimentis·

238 1405 296 1464 que
317 1389 453 1465 direptis,
469 1390 613 1459 futurum,
629 1394 664 1446 ut
686 1389 807 1464 reliqua
830 1396 933 1448 contra
954 1391 1119 1450 consistere

238 1485 299 1527 non
320 1471 474 1529 auderent.
518 1470 697 1544 Adjuvabat
719 1470 811 1527 etiam
834 1487 936 1528 eorum
959 1471 1119 1528 consilium

188 1545 290 1624 requi
314 1568 378 1609 rem
402 1551 585 1620 deferebant,
609 1550 691 1626 qnod
714 1550 822 1607 Nervii
847 1550 1025 1625 antiquitus,
1050 1567 1119 1608 cunr

237 1630 376 1703 equitatu
397 1631 472 1689 nihil
493 1637 621 1706 possent
636 1633 748 1704 (neque
763 1629 844 1686 enim
866 1629 904 1686 ad
926 1629 982 1687 hoc
997 1636 1120 1705 tempus

237 1708 265 1765 ei
287 1711 330 1767 rei
355 1711 487 1781 student,
512 1711 574 1779 sed,
598 1709 743 1784 quicquid
765 1715 904 1783 possunt,
928 1710 1121 1786 pedestribus

240 1789 343 1848 valent
363 1789 482 1866 copiis),
499 1806 558 1864 quo
579 1789 699 1847 facilius
717 1788 917 1846 ‘finitimorum
939 1791 1118 1865 equitatum,

239 1868 265 1926 si
279 1870 432 1946 praedandi
451 1887 544 1929 causa
559 1869 597 1926 ad
612 1886 664 1926 eos
680 1869 822 1939 venisset,
836 1869 1025 1944 impedirent,
1040 1876 1121 1929 tene-

187 1946 224 2004 20
238 1949 281 2008 ris
296 1950 453 2008 arboribus
472 1950 576 2007 incisis
590 1953 681 2024 atque
696 1948 823 2017 inflexis,
837 1949 948 2007 crebris
969 1951 1000 2008 in
1019 1951 1122 2008 latitu-

167 2045 170 2050 ·
239 2029 340 2087 dinem
362 2030 455 2088 ramis
469 2031 569 2087 enatis
590 2034 621 2086 et
641 2030 726 2086 rubis
742 2029 940 2104 sentibusque
955 2030 1121 2105 interjectis

240 2109 408 2180 effecerant,
425 2116 460 2167 ut
473 2110 571 2167 instar
585 2109 664 2166 muri
680 2109 725 2166 hae
737 2127 825 2184 sepes
847 2109 1035 2168 munimenta
1049 2128 1122 2187 prae·
1180 2135 1182 2140 ·

238 2189 357 2264 bereut;
372 2207 432 2266 quo
444 2207 504 2246 non
515 2189 603 2246 modo
615 2189 731 2258 intrari,
743 2189 796 2247 sed
809 2207 845 2246 ne
856 2190 984 2264 perspici
997 2191 1120 2266 quidem

240 2275 351 2345 posset.
396 2270 456 2328 His
477 2269 567 2326 rebus
588 2286 657 2326 cum
678 2269 735 2326 iter
757 2269 890 2344 agminis
911 2272 1008 2327 nostri
1029 2271 1122 2347 impe·

188 2345 225 2402 25
240 2349 362 2419 diretnr,
377 2367 438 2408 nou
453 2349 654 2408 omittendum
670 2349 728 2406 sibi
744 2348 905 2407 consilium
919 2349 1025 2408 Nervii
1042 2352 1120 2408 exis·

240 2429 433 2488 timaverunt.

283 2511 326 2568 18.
351 2509 424 2568 Loci
439 2514 548 2567 natura
562 2513 629 2565 crat
643 2507 714 2578 haeo,
730 2526 818 2583 quern
834 2508 933 2566 locum
949 2508 1044 2567 nostri
1058 2527 1121 2566 eas·

240 2590 296 2647 tris
313 2590 496 2664 delegerant.
540 2588 636 2647 Collis
662 2589 699 2646 ab
721 2606 840 2645 summo
862 2589 1018 2664 aequaliter
1032 2589 1121 2647 decli·

241 2670 287 2727 vis
319 2670 357 2727 ad
378 2669 489 2727 flumen
518 2667 632 2737 Sabim,
655 2668 735 2742 quod
765 2685 857 2744 supra
884 2669 1119 2741 nominavimus,

188 2747 225 2803 30
240 2751 392 2824 vergebat.
435 2749 535 2806 Abeo
550 2745 672 2805 flumine
686 2748 752 2824 pari
767 2748 937 2806 acclivitate
953 2748 1038 2807 collis
1053 2767 1121 2806 nas·

239 2831 364 2888 cebatur
388 2830 535 2888 adversus
556 2826 624 2885 hnic
638 2834 669 2886 et
683 2829 861 2896 contrarius,
877 2846 987 2902 passus
1002 2829 1122 2887 circiter

239 2910 385 2968 ducentos
405 2908 525 2967 infimus
541 2914 670 2981 apertus,
687 2909 723 2965 ab
739 2908 890 2983 superiore
912 2914 998 2983 parte
1016 2909 1121 2967 silves·

241 2991 304 3060 tris,
320 2995 355 3046 ut
376 3007 435 3046 uon
449 2987 536 3046 facile
558 2987 707 3045 introrsus
727 2988 855 3064 perspici
877 2993 990 3062 posset.
1033 2989 1121 3047 Intra

239 3087 291 3128 eas
319 3069 413 3126 silvas
434 3068 539 3126 hostes
566 3066 598 3124 in
622 3068 738 3125 occulto
760 3085 826 3125 sese
848 3068 1056 3126 continebant:
1087 3070 1120 3126 in

187 3145 224 3204 35
240 3155 344 3225 aperto
358 3147 424 3206 loco
444 3146 610 3207 secundum
626 3145 736 3204 flumen
757 3165 829 3222 pau(
845 3165 861 3205 e
876 3148 1024 3205 stationes
1039 3153 1121 3223 equi-

239 3235 304 3288 tum
330 3229 518 3287 videbantur.
575 3227 725 3286 Fluminis
753 3233 818 3286 erat
846 3227 974 3285 altitudo
1001 3227 1121 3284 circiter

239 3309 350 3386 pedum
372 3310 471 3367 trium.

282 3392 325 3448 19.
349 3389 451 3448 Cacsar
475 3389 613 3464 equitatu
627 3387 783 3462 praemisso
803 3387 1044 3460 subsequebatur
1059 3404 1121 3444 orn·

239 3468 329 3527 uibus
349 3469 458 3545 copiis:
484 3469 537 3526 sed
557 3468 636 3526 ratio
657 3467 788 3542 ordoque
810 3466 942 3541 agminis
969 3465 1057 3524 aliter
1085 3483 1119 3526 se
