2524 3776
468 315 582 366 ninus
606 315 758 365 seruus.
1037 295 1078 367 37

142 469 240 545 quiex
252 468 400 546 Sequanis
411 473 442 526 et
451 467 562 526 AEduis
574 472 809 545 supportaretur,
822 465 973 526 Caesarem
983 467 1026 526 in·

53 577 55 580 ·
142 551 331 608 tereluderet.
362 549 410 606 Ex
420 566 456 606 eo
467 548 515 606 die
527 549 592 606 dies
606 548 766 606 continuos
777 548 909 623 quinque
923 547 1027 608 Oiasor

141 647 195 705 pro
211 629 319 687 cestris
333 645 404 686 suas
419 628 520 704 copies
534 629 675 704 produxit
693 634 725 686 et
736 627 831 686 aciem
846 629 1026 686 instrurtam

143 708 260 780 hebuit,
276 715 317 779 ut,
333 709 360 766 si
377 708 465 766 vellet
483 709 660 766 Ariovistus
674 708 778 784 proelio
793 708 983 778 contendere,
996 707 1024 766 ei

141 796 280 865 potestas
301 807 361 846 non
376 788 504 846 deesset.
548 788 724 846 Ariovistus
746 788 794 846 his
815 788 1026 846 omnibusdie·
1059 790 1076 847 5

142 870 200 926 bus
214 868 378 928 exercitum
392 869 500 926 cestris
515 868 680 942 continuit;
694 869 825 943 equestri
839 869 942 944 proelio
956 885 1027 943 quo-

141 949 217 1007 tidie
232 948 396 1007 contendit.
433 948 537 1008 Genus
553 947 609 1006 hoc
623 953 688 1005 erat
701 965 819 1024 pugnae,
833 966 891 1024 quo
906 965 938 1006 se
955 949 1027 1008 Ger·

141 1029 439 1087 maniexercuerent.
463 1028 611 1102 Equitum
626 1027 710 1084 millu
723 1034 870 1092 erantsex
880 1049 887 1086 ε
898 1028 1026 1086 totidem

141 1127 269 1166 numero
290 1108 407 1184 pedites
429 1108 611 1166 velocissimi
633 1125 667 1166 ec
691 1108 863 1182 fortissimi3
884 1125 961 1184 quos
988 1126 1026 1167 ex
1114 1177 1119 1184 ¹

142 1189 226 1246 omni
241 1189 327 1266 copia
343 1188 456 1262 singuli
471 1188 609 1262 singulos
634 1201 696 1245 suae
710 1187 819 1246 salutis
833 1205 926 1246 causa
950 1188 1027 1246 dele·
1043 1191 1078 1248 lo

142 1274 260 1344 gerant.
305 1267 382 1328 Ourn
404 1268 452 1326 his
468 1268 499 1324 in
513 1268 627 1343 proeliis
644 1268 852 1339 versabantur,
869 1268 907 1326 ad
923 1267 978 1326 bos
993 1286 1026 1326 se

141 1349 260 1424 equites
281 1348 477 1424 recipiebant:
500 1347 540 1417 hi,
557 1348 582 1404 si
604 1347 677 1423 quid
697 1353 763 1406 erat
777 1348 891 1419 durius,
907 1365 1028 1442 concup-

141 1429 265 1486 robont:
286 1427 313 1486 si
336 1428 395 1503 qui,
412 1427 550 1502 graviore
566 1428 689 1486 vulnere
711 1429 1028 1505 accepto,equodec1·

142 1509 238 1580 derat,
254 1506 530 1566 circumsistebant:
553 1507 579 1564 si
594 1525 653 1582 quo
668 1514 734 1565 erat
747 1507 868 1582 longius
882 1509 1028 1584 prodeun-

141 1589 216 1646 dum
241 1593 295 1646 aut
309 1587 435 1646 celerius
448 1587 659 1663 recipiendum,
676 1593 764 1645 tauta
778 1594 843 1645 eret
858 1586 964 1646 horum
978 1606 1026 1646 ex·
1042 1591 1078 1649 15

141 1668 319 1726 ercitstione
334 1668 480 1737 celeritas,
490 1673 524 1724 ut
539 1667 622 1741 jubis
632 1684 777 1743 equorum
792 1667 944 1726 sublevati
965 1685 1028 1726 cur·

142 1765 211 1806 sum
227 1749 430 1824 adaeqrrarent.

183 1831 230 1887 49.
254 1828 316 1886 Ubi
327 1846 397 1886 eum
413 1826 522 1884 cestris
537 1843 569 1883 se
583 1832 686 1885 tenere
699 1826 802 1886 Oaeser
816 1827 973 1899 intellexit,
989 1845 1026 1886 ne

142 1907 261 1966 diutius
283 1913 454 1966 commeatu
475 1906 694 1982 prohiberetur,
716 1907 796 1965 ultre
819 1925 888 1966 eum
917 1908 1025 1980 locum,

142 2007 202 2065 quo
227 1989 259 2046 in
281 1988 347 2046 loco
371 1987 514 2047 Germani
540 1988 747 2058 consederant,
773 1987 891 2046 circiter
916 2005 1026 2063 pessus
1041 1990 1079 2048 20

144 2073 304 2126 sexcentos
340 2067 380 2125 ab
407 2067 454 2138 ile,
477 2067 586 2125 cestris
610 2067 752 2125 idoneum
780 2067 879 2125 locum
903 2068 1025 2142 delegit,

143 2148 268 2224 acieque
282 2147 393 2224 triplici
414 2147 570 2218 instructo,
587 2147 626 2204 sd
641 2165 710 2205 eum
725 2147 824 2205 locum
839 2148 931 2206 veuit.
962 2148 1027 2205 Pri·

144 2246 227 2286 mem
243 2234 275 2286 et
289 2227 454 2286 secundam
470 2227 565 2284 eciem
581 2227 612 2283 in
627 2227 720 2284 ermis
742 2245 817 2298 esse,
830 2229 950 2286 tertiam
965 2246 1028 2286 css·

144 2313 194 2366 tra
207 2308 327 2366 munire
337 2307 440 2382 jussit.
483 2306 544 2364 Hic
559 2306 642 2364 locus
664 2308 702 2364 ab
725 2306 812 2365 hoste
827 2308 947 2366 circiter
960 2325 1028 2383 pes-

143 2388 196 2446 sus
218 2394 386 2458 sexcentos,
402 2387 448 2444 uti
468 2387 582 2445 dictum
604 2392 659 2457 est,
684 2387 798 2446 aberet.
841 2388 887 2445 Eo
909 2389 1028 2446 circiter
1042 2391 1079 2449 25

143 2467 301 2526 hominum
336 2482 462 2525 numero
497 2466 628 2524 sedecim
662 2467 748 2526 milia
782 2468 926 2542 expedita
958 2487 1027 2526 cum

145 2549 228 2606 omni
242 2548 382 2624 equitatu
397 2546 574 2605 Ariovistus
594 2547 688 2618 misit,
703 2565 770 2624 quxe
792 2549 885 2623 copies
907 2556 1028 2607 nostros

144 2634 346 2704 perterrerent
366 2631 397 2686 et
417 2627 587 2685 munitione
608 2627 809 2702 prohiberent.
860 2628 964 2687 Nihilo
986 2646 1030 2686 se·

143 2709 208 2767 cius
225 2707 337 2778 (leesor,
352 2713 388 2764 ut
408 2712 479 2765 oute
500 2707 707 2778 constituerat,
723 2708 800 2766 duos
815 2708 894 2766 acies
910 2708 1029 2767 hostem

142 2788 328 2865 propulsare,
354 2787 477 2844 tertiam
498 2805 574 2862 opus
598 2787 737 2863 perficere
756 2789 857 2863 jussit.
900 2788 1030 2847 Munitis
1044 2791 1081 2850 30

143 2868 263 2939 castris,
280 2868 357 2925 duas
372 2867 414 2924 ibi
429 2867 567 2942 legiones
581 2867 702 2943 reliquit
715 2873 747 2926 et
766 2874 884 2944 partem
906 2869 1031 2926 auxilio-

142 2967 224 3009 rum:
246 2954 378 3024 quatuor
391 2947 522 3022 reliques
537 2947 568 3004 in
583 2954 684 3006 cestra
697 2949 812 3023 majora
826 2948 953 3006 reduxit.

182 3033 231 3090 50.
256 3027 401 3087 Proximo
422 3027 471 3085 die
502 3028 646 3085 instituto
667 3046 722 3085 suo
757 3028 859 3087 Oaesar
879 3046 895 3086 e
918 3027 1027 3086 cestris

142 3111 280 3186 utrisque
296 3109 399 3184 copies
414 3125 486 3166 sues
498 3109 602 3165 eduxit
616 3128 623 3181 3
637 3109 822 3184 paulumque
835 3127 853 3166 a
864 3103 1028 3183 majoribus

142 3191 252 3250 cestris
267 3205 446 3266 progressus
467 3189 562 3245 eciem
577 3189 721 3246 instruxit
742 3188 941 3264 hostibusque
956 3206 1030 3264 pug-
1043 3188 1081 3246 35

143 3270 236 3330 nandi
251 3275 438 3345 potestatem
453 3268 532 3326 fecit.
556 3269 618 3326 Ubi
632 3287 668 3326 ne
683 3274 748 3326 tum
761 3269 883 3345 quidem
898 3286 950 3326 eos
966 3286 1031 3341 pro·

142 3353 205 3410 dire
222 3349 384 3420 intellexit,
400 3349 519 3406 circiter
533 3349 690 3406 meridiem
705 3349 868 3407 exercitum
883 3347 914 3404 in
929 3353 1030 3404 castre

142 3431 272 3490 reduxit.
318 3429 396 3488 Tum
419 3429 541 3486 demum
563 3429 741 3486 Ariovistus
764 3433 882 3502 partem
906 3441 1029 3483 suarum

144 3513 310 3590 copiarum,
335 3526 402 3586 quae
431 3514 535 3568 cestra
562 3508 680 3566 minora
708 3509 906 3584 oppugnaret,
929 3503 1029 3576 misitp
