2524 3776
506 317 620 366 urana
644 318 813 368 uramus.
1081 309 1124 373 59

187 469 281 528 ferre:
305 469 358 526 sed
381 468 439 527 hoc
463 468 609 543 superari,
631 470 712 544 quod
733 469 935 530 diuturnitate
959 490 1070 548 pugna

186 548 290 608 hostes
300 549 411 607 defessi
424 549 532 623 proelio
544 549 736 620 excedebant,
748 549 800 607 alii
814 551 943 626 integris
954 553 1070 611 viribus

185 629 404 687 succedebant:
427 646 555 703 quarum
569 647 670 687 rerum
692 646 710 687 a
731 630 843 688 nostris
864 637 987 707 propter
1000 651 1072 709 pau-

185 709 309 767 citatem
324 708 388 766 fieri
402 707 479 765 nibil
494 714 630 784 poterat3
654 727 688 767 ac
708 727 770 766 non
792 711 882 767 modo
898 711 1016 770 defesso
1031 731 1069 772 ex

183 807 289 865 pugna
302 788 474 858 excedendi,
487 788 540 845 sed
555 806 592 846 ne
603 789 705 847 saucio
720 789 841 865 quidem
856 791 920 865 ojus
935 791 1000 862 loci,
1016 793 1069 850 ubi
1103 795 1122 854 b

184 869 372 941 constiterat,
393 867 584 944 relinquendi
613 887 648 927 ac
677 870 725 927 sui
754 869 919 946 recipiendi
940 872 1069 932 facultas

183 949 323 1008 dabatur.
1072 959 1077 964 “

113 1052 116 1058 ·
225 1032 252 1088 5.
277 1029 355 1088 Oum
372 1031 437 1103 jam
459 1028 591 1103 amplius
612 1028 696 1087 horis
717 1045 770 1086 sex
790 1030 981 1089 continenter
994 1049 1069 1107 pug-

183 1115 308 1167 naretur
332 1127 366 1167 ac
387 1126 447 1166 non
469 1108 566 1166 solum
582 1109 672 1180 vires,
688 1109 742 1166 sed
763 1109 856 1167 etiam
871 1111 933 1168 tela
948 1118 1067 1170 nostros

184 1188 352 1261 deficerent,
366 1195 457 1264 atque
473 1187 577 1247 hostes
593 1190 692 1246 acrius
706 1189 856 1247 instarent
874 1189 1121 1265 languidiori-10

184 1269 299 1344 busque
321 1268 434 1326 nostris
451 1268 564 1325 vallum
587 1269 723 1327 scindere
745 1275 776 1327 et
798 1270 897 1328 fossas
918 1272 1067 1347 complere

184 1350 356 1424 coepissent,
373 1366 479 1424 resque
494 1354 576 1406 esset
591 1351 656 1424 jam
678 1349 716 1407 ad
737 1355 905 1407 extremum
919 1352 1067 1426 perducta

183 1445 296 1500 casum,
310 1429 437 1486 Publius
454 1427 578 1487 Sextius
593 1429 736 1499 Baculus
746 1429 836 1504 primi
850 1430 904 1504 pili
920 1433 1065 1504 centurie,

183 1526 272 1584 quem
288 1508 420 1567 Nervico
435 1509 540 1584 proelio
555 1509 763 1585 compluribus
778 1501 948 1567 consectum
965 1511 1067 1569 vulne·

182 1589 268 1646 ribus
292 1589 434 1660 diximus,
455 1589 580 1647 etitem
603 1589 697 1648 Caius
718 1588 902 1658 Volusenus
926 1590 1066 1650 tribunus
1082 1590 1118 1651 lo

182 1668 323 1740 militum,
345 1669 393 1726 vir
413 1675 445 1727 et
465 1669 582 1726 consilii
604 1669 708 1744 magni
730 1675 761 1726 et
782 1669 915 1740 virtutis
937 1671 975 1728 ad
997 1671 1067 1731 Gal·

182 1748 252 1806 bam
286 1754 445 1807 accurrunt
466 1754 555 1824 atque
577 1767 669 1806 unam
690 1766 756 1806 esse
779 1767 863 1824 spem
886 1750 994 1808 salutis
1016 1752 1067 1809 do·

181 1834 258 1899 cent,
275 1828 301 1886 si
322 1829 479 1903 eruptione
500 1829 582 1886 facta
602 1834 770 1886 extremum
792 1829 938 1886 auxilium
952 1831 1066 1906 experi-

180 1913 292 1967 rentur.
343 1909 450 1984 Itaque
478 1909 653 1967 convocatis
674 1909 901 1966 centurionibus
929 1910 1065 1968 celeriter

182 1989 296 2046 milites
317 1989 459 2046 certiores
474 1988 553 2058 facit,
569 1989 722 2063 paulisper
737 1989 975 2046 intermitterent
987 2008 1061 2066 proe-
1076 1992 1114 2050 20

180 2067 254 2125 lium
284 2086 319 2126 ac
351 2069 563 2126 tantummodo
584 2069 646 2127 tela
666 2068 759 2124 missa
779 2069 950 2145 exciperent
971 2087 1062 2144 seque

180 2165 218 2206 ex
245 2149 347 2206 labore
377 2148 551 2222 relicer·ent;
580 2154 650 2223 post
673 2149 745 2206 dato
777 2149 866 2222 signo
889 2167 926 2206 ex
954 2150 1064 2207 castris

179 2234 372 2304 erumperent
397 2234 487 2304 atquc
514 2246 635 2286 omnem
656 2245 741 2304 spem
764 2228 873 2285 salutis
896 2228 928 2285 in
949 2229 1062 2288 virtute

178 2314 332 2384 ponerent.

220 2391 245 2446 6.
270 2389 358 2462 Quod
373 2387 452 2463 jussi
476 2392 556 2458 sunt,
578 2387 708 2461 faciunt3
737 2405 772 2445 ac
800 2386 901 2444 subito
923 2389 1063 2445 omnibus
1077 2389 1114 2447 rt

178 2468 276 2542 portis
297 2469 454 2543 eruptione
470 2468 559 2537 facta,
575 2485 671 2541 nequo
693 2466 902 2541 cognoscendi,
919 2467 990 2542 quid
1012 2468 1060 2525 lie-

178 2553 232 2618 ret,
249 2565 345 2623 neque
367 2548 414 2605 sui
436 2546 596 2622 colligendi
618 2546 758 2604 hostibus
779 2547 954 2604 facultatem
975 2547 1062 2604 relin-

179 2632 284 2702 quunt.
327 2628 377 2686 Ita
401 2631 586 2685 commutata
609 2627 738 2697 fortuna,
759 2644 820 2697 eos,
844 2626 895 2701 qui
920 2627 951 2682 in
976 2645 1061 2702 spem

179 2707 396 2781 potiundorum
421 2712 589 2765 castrorum
612 2712 766 2777 venerant,
782 2706 915 2780 undique
939 2705 1060 2763 circum-

178 2793 287 2855 ventos
305 2787 488 2845 interficiunt
508 2791 539 2844 et
559 2803 597 2844 ex
618 2784 774 2844 bominum
794 2784 915 2842 milibus
931 2785 1060 2861 amplius
1077 2788 1115 2846 30

179 2866 314 2942 triginta,
343 2885 430 2942 quem
451 2883 620 2936 ¹numerum
655 2867 852 2923 barbarorum
888 2865 926 2922 ad
961 2871 1061 2922 castra

178 2947 298 3004 venisse
320 2947 488 3015 constabat,
503 2947 573 3022 plus
594 2946 686 3003 tertia
705 2951 793 3023 parte
814 2944 972 3002 interfecta
995 2945 1061 3001 reli-

179 3043 254 3100 quos
276 3026 452 3101 perterritos
467 3025 498 3083 in
512 3026 617 3100 lugam
632 3026 803 3100 conjiciunt,
820 3042 854 3082 ac
875 3042 913 3081 ne
934 3024 964 3081 in
985 3025 1060 3082 locis

178 3105 300 3180 quidem
315 3105 521 3181 superioribus
536 3106 700 3163 consistere
714 3105 880 3181 patiuntur.
926 3103 976 3162 Sic
1000 3121 1060 3161 om·

178 3185 267 3244 nibus
289 3185 422 3242 hostium
443 3185 538 3260 copiis
559 3185 637 3243 fusis
665 3186 816 3259 armisque
844 3184 951 3254 exutis
974 3201 1006 3241 sa
1028 3183 1059 3240 in
1075 3185 1111 3243 35

177 3271 279 3324 castra
300 3266 542 3340 munitionesque
566 3283 638 3322 suas
663 3265 820 3339 recipiunt.
864 3263 931 3336 Quo
953 3263 1059 3338 proelio

178 3345 267 3416 lacto,
284 3345 365 3420 quod
380 3346 490 3420 saepius
505 3346 659 3402 fortunam
680 3349 798 3401 tentare
814 3341 913 3401 Galba
928 3342 1057 3410 nolebat,

177 3431 269 3500 atque
294 3425 354 3482 alio
376 3441 407 3482 se
428 3425 460 3482 in
481 3424 608 3482 hiberna
628 3423 754 3481 consilio
776 3420 896 3478 venisse
917 3419 1060 3475 memine-

175 3511 232 3577 rat,
249 3503 318 3562 aliis
339 3504 503 3563 occurrisse
519 3504 610 3561 rebus
624 3502 752 3571 viderat,
767 3498 899 3556 maxime
914 3493 1058 3553 frumenti
1105 3521 1107 3523 ·
