2548 3774
435 352 437 358 ,
478 298 591 348 mene
614 260 811 351 sarrruus.
1052 286 1116 353 157

183 451 376 512 incommodo
401 455 524 525 accepto
551 450 582 508 in
605 450 670 508 dies
698 453 881 527 augebatur:
909 453 999 511 simul
1031 454 1063 512 in

184 549 269 607 spem
285 531 450 590 veniebant
463 533 527 605 ejus
544 530 740 589 affirmatione
761 531 798 589 de
818 532 943 608 reliquis
964 534 1066 608 adjun-

184 612 292 688 gendis
320 611 507 681 civitatibus,
537 611 727 686 primumque
757 629 794 669 eo
821 617 956 688 tempore
985 612 1065 671 Galli

184 697 286 750 castra
306 691 424 748 munire
445 690 651 762 instituerunt,
667 696 699 747 et
719 691 762 749 sie
783 698 856 750 sunt
876 692 978 750 animo
999 709 1067 750 con·

184 771 322 841 sternati,
354 770 491 828 homines
519 770 630 827 insueti
658 769 779 841 laboris,
803 777 839 829 ut
866 772 976 842 omnia,
999 789 1065 847 qua
1099 773 1118 832 5

184 852 412 926 imperarentur,
441 850 500 908 sibi
526 849 672 926 patienda
701 855 733 908 et
761 851 939 926 perferenda
965 851 1068 909 existi·

184 937 309 989 merent.

224 1014 271 1069 31.
295 1010 360 1069 Nec
374 1009 478 1080 minus
497 1026 587 1085 quam
598 1013 647 1067 est
660 1009 822 1084 pollicitus,
835 1006 1067 1085 Vercingetorix

185 1091 287 1148 animo
309 1090 476 1160 laborabat,
500 1094 535 1146 ut
559 1089 690 1165 reliquas
713 1089 853 1148 civitates
878 1091 1065 1166 adjungeret,

185 1175 276 1246 atque
286 1188 339 1228 eas
350 1170 437 1227 donis
448 1169 779 1245 pollicitationibusque
791 1169 950 1229 alliciebat.
985 1170 1066 1228 Huic
1082 1174 1119 1231 10

185 1251 228 1308 rei
249 1249 375 1308 idoneos
397 1249 535 1306 homines
550 1248 713 1322 deligebat,
729 1266 856 1324 quorum
871 1250 998 1325 quisque
1014 1256 1067 1308 aut

185 1330 321 1388 oratione
343 1329 471 1387 subdola
492 1333 545 1388 aut
566 1328 699 1386 amicitia
714 1329 857 1386 facillime
872 1330 939 1404 capi
953 1335 1065 1405 posset.

186 1410 246 1483 Qui
260 1409 394 1467 Avarico
408 1413 582 1484 expugnato
597 1407 781 1482 refugerant,
798 1410 960 1467 armandos
975 1410 1066 1467 vesti·

185 1489 338 1564 endosque
353 1494 447 1546 curat.
492 1488 588 1546 Simul
604 1493 639 1546 ut
653 1488 816 1546 deminutae
834 1489 925 1562 copia
939 1489 1069 1547 redinte-

185 1574 353 1644 grarentur,
369 1569 498 1644 imperat
511 1574 626 1626 eertum
641 1586 799 1626 numerum
820 1568 949 1626 militum
965 1569 1120 1628 civita-15

185 1649 276 1719 tibus,
299 1667 388 1724 quem
412 1654 443 1706 et
464 1647 558 1724 'quam
582 1654 651 1706 ante
676 1648 755 1705 diem
781 1648 812 1705 in
835 1654 935 1706 castra
959 1647 1068 1706 adduci

186 1729 261 1786 velit
272 1749 279 1802 ;
294 1728 529 1804 sagittariosque
542 1746 654 1797 omnes,
665 1745 792 1803 quorum
804 1734 870 1785 erat
883 1745 1068 1804 permagnus

185 1826 329 1866 numerus
339 1809 370 1865 in
380 1808 489 1879 Gallia,
502 1808 637 1883 conquiri
651 1814 683 1864 et
697 1808 734 1864 ad
746 1825 778 1864 se
790 1809 869 1866 mitti
879 1809 974 1883 jubet.
1008 1807 1069 1864 His

185 1889 276 1946 rebus
291 1889 427 1946 celeriter
442 1888 481 1958 id,
494 1889 574 1964 quod
591 1887 715 1945 Avarici
730 1887 907 1963 deperierat,
923 1888 1066 1964 expletur.

186 1967 314 2030 Interim
338 1969 547 2038 Teutomatus,
575 1967 762 2026 Olloviconis
785 1968 871 2038 iilius,
897 1986 949 2026 rex
973 1967 1122 2026 Nitrata

185 2048 316 2124 brigum,
338 2050 423 2123 cujus
444 2054 531 2123 pater
552 2048 590 2104 ab
613 2053 722 2104 senatu
743 2054 847 2104 nostro
869 2049 983 2114 amicus
1004 2052 1070 2104 erat

186 2129 365 2204 appellatae,
381 2145 449 2186 cum
463 2145 576 2202 magno
592 2127 726 2202 equitum
749 2145 871 2184 suorum
893 2138 1017 2184 nurnero
1038 2132 1070 2184 et

186 2227 261 2284 quos
276 2227 314 2266 ex
328 2207 497 2282 Aquitania
511 2207 696 2264 conduxerat
711 2207 749 2264 ad
764 2225 832 2264 eum
847 2208 993 2282 pervenit.

226 2291 272 2348 32.
297 2288 400 2346 Ooesar
428 2287 554 2344 Avarici
579 2286 748 2362 complures
773 2286 838 2344 dies
866 2292 1069 2344 commoratus

186 2386 397 2442 summamque
412 2367 455 2423 ibi
470 2367 587 2442 copiam
604 2367 748 2423 frumenti
770 2371 802 2423 et
822 2366 928 2442 reliqui
943 2384 1070 2424 comme·
1086 2369 1122 2426 25

187 2455 256 2506 atus
268 2455 384 2517 nactus,
395 2447 560 2505 exercitum
576 2464 613 2503 ex
627 2446 729 2504 labore
742 2451 831 2521 atque
844 2445 945 2521 inopia
955 2446 1067 2504 refecit.

186 2529 258 2587 Jam
272 2546 366 2604 prope
381 2528 480 2585 hieme
502 2527 646 2595 confecta,
662 2544 730 2583 cum
752 2526 818 2601 ipso
841 2525 913 2582 anni
934 2531 1070 2600 tempore

187 2609 224 2666 ad
245 2608 412 2683 gerendum
425 2607 537 2664 bellurn
553 2612 712 2664 vocaretur
732 2611 763 2662 et
785 2606 822 2662 ad
845 2605 963 2662 hostem
983 2605 1071 2681 profi·

186 2689 258 2746 cisci
273 2687 492 2757 constituisset,
509 2687 573 2743 sive
592 2703 661 2742 eum
683 2703 720 2743 ex
741 2686 902 2760 paludibus
924 2686 1071 2760 silvisque

186 2768 300 2838 elicere,
312 2767 376 2825 sive
388 2767 546 2824 obsidione
557 2783 691 2842 premere
704 2771 824 2840 posset3
840 2765 934 2840 legati
949 2766 986 2823 ad
1001 2783 1071 2822 eum
1086 2768 1124 2824 30

186 2849 335 2924 principes
363 2847 533 2904 AEduorum
563 2845 690 2902 veniunt
718 2851 847 2916 oratum,
877 2851 912 2902 ut
939 2846 1071 2903 maxime

187 2928 358 2987 necessario
373 2933 508 3002 tempore
531 2925 648 2984 civitati
664 2925 841 2982 subveniat:
863 2943 983 2983 summo
1005 2943 1071 2983 esse

186 3009 217 3066 in
243 3007 376 3085 periculo
404 3024 485 3079 rem,
515 3005 605 3081 quod,
632 3023 700 3062 curn
729 3005 843 3080 singuli
870 3005 1072 3080 magistratus

187 3089 358 3164 antiquitus
381 3087 476 3144 creari
499 3092 588 3162 atque
612 3086 729 3160 regiam
752 3090 936 3159 potestatem
959 3102 1072 3142 annum

186 3166 322 3223 obtinere
337 3174 544 3234 consuessent,
561 3165 620 3223 duc
636 3166 851 3240 magistratum
873 3173 980 3241 gerant
995 3173 1026 3224 et
1042 3185 1073 3225 se
1091 3171 1126 3228 35

186 3253 313 3322 uterque
329 3265 432 3304 eorum
448 3247 569 3321 legibus
590 3253 723 3303 creatum
739 3263 805 3302 csse
821 3247 910 3303 dicat.
954 3246 1074 3304 Horum

188 3343 256 3383 esse
272 3327 402 3384 alterurn
416 3325 698 3399 Convictolitavem,
710 3325 864 3382 florentem
880 3332 911 3382 et
924 3325 1074 3381 illustrem

188 3407 429 3479 adolescentem3
453 3407 581 3463 alterum
598 3404 718 3474 Cotum,
735 3403 946 3478 antiquissima
961 3403 1074 3458 familia

187 3495 293 3545 natum
315 3493 405 3562 atque
428 3487 529 3562 ipsum
553 3483 705 3541 hominem
730 3499 854 3539 summa
877 3481 1020 3556 potentiae
1042 3488 1072 3536 et
