2548 3774
498 299 612 347 arasa
636 301 832 350 sarrruus.
1044 279 1129 350 '165

194 449 414 526 occultatisque
430 451 527 526 signis
543 452 736 522 militaribus
752 470 836 510 raros
852 451 973 523 militae,
985 469 1023 509 ne
1038 467 1076 510 ex

195 531 307 607 oppido
329 531 650 604 animadverterentur,
672 552 709 590 ex
730 534 894 608 majoribus
916 532 1024 590 castris
1044 532 1077 588 in

194 611 313 668 minora
327 612 498 670 transducit
512 613 689 689 legatisque,
705 632 781 689 quos
803 613 932 688 singulis
954 611 1077 687 legioni·

195 690 252 748 bus
266 692 448 765 praefecerat,
465 693 538 768 quid
557 692 618 750 fieri
635 694 733 764 vellet,
750 694 902 768 ostendit;
924 691 1075 766 inprimis

195 776 306 841 monet,
330 779 365 829 ut
389 772 566 830 contineant
590 772 709 844 milites,
732 791 769 831 ua
793 774 893 831 studio
917 771 1075 848 pugnandi
1109 769 1127 829 5

195 857 249 908 aut
263 868 316 926 spe
337 853 445 926 praedae
467 853 587 927 lougius
607 854 857 928 progrediantur;
882 852 954 928 quid
968 851 1078 927 iniqui·

195 936 244 988 tas
265 931 322 988 loci
344 931 454 990 habeat
474 932 664 1001 incommodi,
687 933 845 1008 proponit;
874 932 930 990 hoc
951 949 1012 988 una
1032 949 1077 989 ee·

195 1009 315 1068 leuitate
324 1029 415 1086 posse
424 1012 534 1070 mutari
545 1033 552 1087 3
568 1013 734 1075 occasionis
743 1029 810 1070 esse
819 1029 959 1082 rem,non
968 1011 1074 1087 proelii.

196 1091 257 1147 His
277 1092 367 1149 rebus
388 1092 533 1168 expositis
554 1093 676 1168 signum
697 1092 751 1150 dat
764 1098 796 1150 et
810 1092 849 1149 ab
868 1093 975 1150 dextra
989 1098 1075 1168 parto

195 1171 255 1228 alio
271 1189 396 1229 ascensu
411 1172 516 1229 eodem
531 1179 665 1248 tempore
677 1172 797 1230 AEduos
812 1173 914 1231 mittit.
1091 1170 1129 1228 10

235 1254 282 1310 46.
307 1250 419 1327 Oppidi
440 1269 544 1309 murus
566 1253 604 1310 ab
617 1253 744 1328 planitie
766 1259 857 1329 atque
872 1253 960 1310 initio
976 1269 1077 1309 aseen-

133 1327 136 1332 ’
194 1347 247 1388 sus
269 1338 351 1388 reeta
371 1331 503 1406 regiona,
519 1333 545 1389 si
560 1333 661 1390 nullus
693 1334 846 1392 anfractus
868 1332 1075 1402 intercederet,

194 1410 278 1468 mille
293 1417 324 1469 et
338 1411 482 1469 ducentos
499 1429 609 1486 passus
631 1414 750 1471 aberat:
772 1413 915 1489 quiequid
935 1411 1003 1469 hnic
1024 1411 1077 1469 eir·

194 1491 296 1548 cuitus
311 1491 349 1548 ad
364 1492 560 1550 molliendum
576 1493 689 1550 clivum
703 1499 880 1563 accesserat,
897 1492 927 1549 id
942 1492 1075 1566 spatium

194 1570 313 1628 itineris
334 1572 473 1646 augebat.
509 1573 539 1630 A
561 1573 659 1630 medio
681 1573 741 1630 fere
763 1573 838 1631 colle
859 1573 891 1629 in
913 1571 1076 1647 longitudi·
1092 1568 1128 1626 15

194 1668 273 1722 uem,
290 1655 324 1708 ut
345 1659 454 1709 natura
475 1652 586 1710 montis
607 1653 730 1723 serebat,
746 1671 783 1710 ex
805 1651 971 1728 grandibus
993 1651 1075 1709 saxis
1149 1725 1153 1732 ,

194 1747 250 1788 sex
262 1731 373 1806 pedum
385 1749 513 1803 murum,
524 1732 576 1807 qui
588 1738 759 1790 nostrorum
772 1733 919 1808 impetum
931 1732 1074 1802 tardaret,

194 1811 407 1887 praeduxerant
422 1811 502 1870 Galli
516 1819 605 1888 atque
617 1813 756 1870 inferiore
768 1813 849 1870 omni
865 1813 963 1886 spatio
980 1829 1075 1868 vacuo

195 1890 300 1948 relicto
315 1891 498 1966 superiorem
523 1898 641 1968 partem
665 1893 750 1951 collis
773 1911 867 1968 usque
890 1892 930 1949 ad
954 1909 1073 1949 murum

195 1971 300 2046 oppidi
327 1971 517 2030 densissimis
544 1974 652 2031 castris
680 1973 913 2047 compleverant.
960 1971 1075 2028 Milites
1091 1969 1128 2029 20.

195 2051 268 2108 dato
283 2052 370 2126 signo
385 2052 520 2110 celeriter
535 2053 572 2110 ad
588 2052 786 2110 munitionem
802 2052 983 2129 perveniunt
997 2070 1076 2108 eam-

194 2149 252 2206 que
274 2132 458 2207 transgressi
480 2132 568 2190 trinis
583 2133 690 2190 eastris
710 2133 876 2207 potiuntur.
920 2133 967 2190 Ac
988 2137 1076 2189 tauta

194 2210 253 2268 fuit
280 2211 312 2268 in
336 2213 445 2270 eastris
466 2213 619 2288 capiendis
640 2212 785 2282 celeritas
808 2219 843 2270 ut
863 2213 1073 2281 Teutomatus

194 2307 247 2348 rex
261 2291 289 2348 N
294 2291 477 2366 itiobrigum‚
494 2293 594 2350 subito
608 2292 639 2350 in
651 2293 845 2351 tabernaculo
858 2309 1028 2367 oppressus,
1042 2297 1076 2349 ut

194 2371 319 2430 meridie
342 2373 564 2447 conquieverat,
587 2372 740 2446 superiore
762 2373 896 2446 eorporis
915 2378 1003 2448 parte
1023 2390 1075 2428 nu·
1090 2369 1127 2426 25

194 2451 276 2521 data,
287 2452 447 2509 vulnerato
462 2471 548 2528 equo,
559 2452 610 2510 vix
624 2469 657 2510 se
671 2470 709 2510 ex
723 2453 863 2510 manibus
874 2451 1075 2528 praedantium

193 2531 327 2603 militum
342 2531 478 2606 eriperet.

235 2613 282 2672 47.
300 2611 490 2670 Consecutus
499 2611 538 2682 id,
549 2610 628 2687 quod
641 2611 743 2669 animo
752 2617 959 2687 proposuerat,
972 2610 1076 2669 Oaesar

195 2691 329 2766 receptui
358 2691 425 2750 cani
448 2691 541 2766 jussit
568 2691 757 2766 legionisque
785 2692 917 2762 decimae,
947 2708 1075 2767 quaeum

194 2777 269 2842 erat,
282 2771 478 2830 concionatus
500 2771 590 2846 signa
617 2771 804 2830 constitnit
827 2771 872 2830 At
892 2771 1074 2846 reliquarum
1092 2771 1130 2827 30

194 2852 308 2908 milites
321 2851 476 2926 legionum
488 2868 548 2909 non
559 2852 701 2908 exaudito
716 2851 795 2908 tubae
808 2867 890 2921 sone,
903 2851 983 2926 qnod
999 2850 1076 2908 satis

195 2949 309 3006 magna
325 2931 413 2988 vallis
434 2931 649 3001 intercedebat,
665 2937 767 2988 tamen
790 2932 828 2988 ab
848 2931 978 2988 tribunis
1000 2929 1078 2986 mili·

195 3017 262 3069 tum
275 3011 454 3087 legatisque,
471 3015 504 3068 ut
518 3016 583 3068 erat
597 3029 615 3068 a
632 3010 751 3069 Gaesare
765 3018 955 3085 praeceptum,
969 3010 1078 3067 retine·

195 3091 323 3148 bantur:
349 3092 403 3148 sed
426 3091 497 3149 elati
521 3107 574 3166 spe
596 3091 701 3148 celeris
723 3090 857 3148 vietoriae
884 3095 915 3148 et
942 3089 1076 3147 hostium

196 3171 270 3246 iuga
298 3170 547 3246 superiorumque
575 3176 744 3246 temporum
779 3169 920 3228 secundis
953 3169 1075 3244 proeliiS,
1092 3172 1130 3228 35

196 3251 272 3309 nihil
294 3251 370 3308 adeo
392 3251 518 3308 arduum
533 3250 591 3307 sibi
605 3250 829 3320 existimabant,
845 3250 924 3325 quod
939 3267 999 3306 nou
1023 3248 1079 3305 vir-

196 3336 263 3389 tute
285 3331 427 3406 consequi
448 3335 592 3407 possent;
614 3347 710 3405 neque
729 3329 818 3386 finem
831 3329 917 3404 prius
932 3328 1075 3404 sequendi

198 3411 341 3484 iecerunt,
357 3427 448 3486 quarn
469 3427 555 3468 muro
570 3409 672 3485 oppidi
692 3414 846 3485 portisque
861 3409 1080 3485 appropinqua·

196 3495 273 3550 rent
317 3490 397 3548 Tum
421 3507 493 3548 vero
517 3504 555 3548 ex
579 3488 719 3549 omnibus
743 3488 826 3561 urbis
849 3488 988 3564 partibus
1011 3491 1078 3544 orto
