2548 3774
482 280 597 328 arana
621 281 805 339 conanus.
1068 265 1110 332 85

174 429 303 490 ciebant.
341 430 428 504 Quod
444 448 512 490 cum
527 432 791 490 animadvertisset
807 431 918 503 (laesae,
927 431 1056 507 scaphas

175 510 337 586 longarum
351 511 485 580 navium,
501 511 575 570 item
590 512 792 586 speculatoria
814 513 939 588 navigia
959 512 1058 570 militi·

175 590 234 648 bus
248 590 388 666 compleri
398 591 500 665 jussit,
516 597 548 649 ot
568 609 643 666 quos
658 592 830 650 laborantes
849 599 1055 669 conspexerat,

176 669 227 728 his
251 670 387 728 subsidia
411 670 618 729 submittebat.
670 671 776 730 Nostri
800 672 889 730 simul
917 673 948 730 in
972 673 1056 730 arido

173 751 386 822 constiterunt,
402 751 466 809 suis
480 751 620 809 omnibus
635 751 812 822 consecutis,
828 752 859 809 in
880 752 984 810 hostes
1005 752 1057 810 im·
1090 750 1109 810 ὖ

173 839 279 906 petum
295 830 430 888 fecerunt
450 836 539 906 atque
554 849 606 888 eos
622 831 654 888 in
668 831 773 906 lugam
788 832 943 903 dederunt,
959 849 1055 908 neque

173 910 298 984 longius
324 911 465 986 prosequi
493 916 664 985 potuerunt,
686 912 766 987 quod
794 912 910 987 equites
935 929 1055 970 cursum

173 994 277 1047 tenere
299 998 389 1065 atque
412 991 541 1048 insulam
563 1009 668 1067 capere
691 1008 751 1048 non
773 997 943 1066 potuerant
986 991 1056 1050 Hoc

173 1087 268 1127 unum
284 1070 322 1127 ad
335 1070 493 1145 pristinam
508 1070 658 1128 fortunam
674 1069 787 1129 Oaesari
802 1071 905 1130 defuit.

215 1151 261 1210 27.
280 1149 401 1216 ,Hostes
412 1149 516 1226 proelio
528 1150 670 1227 superati,
681 1150 771 1208 simul
784 1157 873 1226 atque
886 1169 917 1210 se
932 1168 969 1210 ex
983 1149 1055 1226 luga
1073 1153 1106 1214 lo

174 1236 359 1305 receperunt,
371 1230 474 1288 statim
487 1231 524 1289 ad
538 1229 823 1310 Cesaremlegotos
833 1231 870 1290 de
881 1249 953 1307 pace
969 1231 1056 1288 mise-

173 1316 262 1367 runt:
286 1309 407 1368 obsides
427 1311 560 1379 daturos,
576 1328 701 1386 quaque
722 1311 900 1386 imperasset
923 1311 1055 1370 facturos

172 1406 249 1456 sese,
265 1389 392 1464 polliciti
407 1395 485 1448 sunt.
528 1389 600 1448 Una
614 1408 681 1446 oum
702 1389 750 1447 his
771 1389 883 1465 legatis
900 1391 1054 1449 Commius

172 1469 308 1526 Atrebas
329 1470 420 1539 venit,
436 1487 524 1546 quem
545 1487 636 1545 supra
658 1469 936 1528 demonstraveram
958 1489 977 1528 a
993 1471 1055 1530 Oae-

173 1565 241 1606 sare
263 1548 294 1605 in
316 1548 505 1606 Britanniam
526 1550 723 1625 premissum.
768 1550 859 1609 Hunc
880 1551 923 1608 illi
944 1569 960 1609 e
982 1551 1054 1609 navi
1070 1555 1106 1613 15

172 1645 340 1702 egressum,
356 1647 424 1687 cum
445 1629 483 1687 ad
504 1647 556 1687 eos
571 1630 700 1687 oratoris
715 1630 805 1688 modo
821 1629 952 1689 Oaesaris
973 1648 1055 1688 man-

171 1707 245 1766 data
272 1708 409 1779 deferret,
438 1709 723 1785 comprehenderant
757 1716 847 1786 atque
875 1710 908 1767 in
937 1710 1055 1768 vincula

172 1790 378 1863 conjecerant:
400 1795 464 1847 tum
486 1789 590 1864 proelio
605 1789 685 1847 facto
700 1790 881 1847 remiserunt
902 1797 933 1849 et
954 1791 985 1847 in
1005 1808 1055 1866 pe-

171 1868 265 1926 tenda
278 1887 351 1944 pace
373 1870 436 1944 ejus
451 1869 493 1926 rei
515 1869 632 1945 culpam
653 1869 684 1927 in
706 1869 929 1928 multitudinem
952 1877 1054 1928 contu-

170 1947 278 2018 lerunt,
306 1954 338 2006 et
364 1953 487 2025 propter
514 1948 746 2025 imprudentiam
780 1954 815 2007 ut
849 1950 1053 2023 ignosceretur
1068 1950 1105 2008 20

170 2028 352 2103 petiverunt.
397 2028 500 2087 Cesar
513 2034 647 2105 questus
662 2030 820 2105 quodcum
836 2030 915 2086 ultro
936 2029 966 2085 in
986 2046 1053 2086 con·

170 2107 319 2165 tinentem
334 2107 446 2182 legatis
461 2108 562 2165 missis
578 2125 684 2184 pacem
707 2109 745 2166 ab
767 2127 799 2166 se
820 2109 977 2184 petissent,
993 2109 1052 2165 bel·

169 2186 232 2244 lum
257 2188 321 2246 sine
343 2206 435 2246 causa
458 2187 640 2258 intulissent,
662 2188 818 2263 ignoscere
844 2188 1051 2263 imprudentiae

169 2266 246 2324 dixit
260 2267 441 2344 obsidesque
462 2268 639 2342 imperavit:
661 2285 787 2343 quorum
803 2267 847 2324 illi
861 2274 977 2343 partem
993 2274 1052 2326 sta-

169 2346 226 2403 tim
242 2347 397 2418 dederunt,
414 2355 530 2422 partem
543 2365 582 2405 ex
595 2348 855 2423 longinquioribus
869 2347 943 2405 locis
958 2364 1052 2405 arces·
1066 2350 1103 2406 ‘25

62 2491 67 2500 ¹
170 2426 259 2483 sitam
274 2428 380 2502 paucis
396 2427 500 2485 diebus
515 2445 581 2485 sese
597 2429 722 2485 daturos
738 2428 884 2485 dixerunt.
929 2427 1050 2484 Interea

169 2523 241 2563 suos
256 2507 419 2582 remigrare
435 2507 465 2564 in
481 2525 572 2582 agros
588 2509 752 2581 jusserunt,
768 2507 976 2583 principesque
998 2525 1051 2563 un-

169 2585 258 2661 dique
273 2589 436 2656 convenire
448 2591 479 2644 et
494 2605 526 2644 se
541 2587 740 2663 civitatesque
759 2604 831 2645 suas
846 2586 960 2645 Caesari
974 2604 1051 2644 com-

168 2666 310 2724 mendare
333 2672 494 2743 coeperunt.

210 2749 255 2805 28.
280 2746 340 2804 His
366 2747 454 2804 rebus
478 2764 550 2822 pace
574 2746 756 2818 confirmata,
772 2751 843 2821 post
863 2746 942 2804 diem
963 2762 1049 2820 quar·
1063 2749 1101 2807 30

167 2828 243 2897 tum,
259 2844 348 2901 quam
364 2828 458 2884 estin
473 2826 662 2884 Britanniam
677 2833 809 2897 ventum,
823 2843 917 2883 naves
932 2824 1049 2882 octode-

168 2905 233 2976 cim,
246 2907 284 2963 de
299 2908 407 2983 quibus
423 2924 513 2982 supra
527 2907 767 2965 demonstratum
781 2911 836 2974 ost,
849 2923 914 2980 queo
929 2905 1047 2979 equites

66 3025 68 3030 -
168 2985 363 3058 sustulerant,
376 3005 414 3044 cx
429 2986 581 3062 superiore
596 2993 687 3062 portu
700 2987 760 3044 leni
776 2991 867 3042 vento
883 2984 1046 3042 solverunt.

168 3065 243 3137 Quae
261 3084 329 3125 cum
351 3067 627 3143 appropinquarent
641 3066 807 3124 Britanniae
829 3073 860 3122 et
881 3082 918 3121 ex
938 3064 1048 3121 castris

167 3145 351 3217 viderentur,
377 3154 465 3204 tanta
489 3153 657 3223 tempestas
682 3147 782 3203 subito
808 3151 910 3202 coorta
935 3149 990 3213 est,
1014 3150 1049 3201 ut
1063 3146 1099 3202 35

167 3224 251 3281 nulla
266 3244 369 3284 eorum
385 3245 504 3284 cursum
520 3233 620 3284 tencre
641 3234 753 3302 posset,
771 3225 823 3282 scd
846 3225 912 3280 aliae
933 3223 1047 3292 eodem,

167 3304 246 3362 unde
260 3312 349 3364 erant
362 3307 510 3383 profectae,
527 3307 721 3379 referrentur;
744 3305 808 3361 aliae
824 3304 862 3360 ad
877 3302 1046 3358 inferiorem

166 3389 284 3460 partem
313 3387 428 3456 insulae,
457 3405 522 3462 quae
558 3392 605 3443 est
633 3386 755 3461 propius
791 3383 863 3438 solis
898 3396 1047 3446 occasum,

167 3480 279 3539 rnagno
304 3467 351 3523 aui
377 3485 443 3525 cum
468 3465 598 3548 periculo
623 3464 838 3537 dejicerentur:
861 3476 925 3532 quae
946 3463 1048 3512 tamen
