2524 3776
301 788 383 870 Dll
417 787 635 872 ‘astho
673 789 981 876 GALLIOO.

544 992 756 1033 -οοζεοζοο-

474 1137 677 1228 urhun
710 1139 815 1229 Ill.

215 1339 240 1394 1.
266 1336 342 1396 Guru
356 1336 388 1394 in
403 1336 526 1394 Italiam
541 1335 779 1411 proficisceretur
794 1338 904 1410 Oaesar,
916 1337 1055 1398 Servium

175 1415 304 1476 Galbam
327 1435 395 1475 cum
415 1417 534 1490 legione
549 1417 727 1474 duodecima
748 1422 779 1474 et
799 1424 885 1492 parte
900 1420 1055 1494 equitatus

175 1496 207 1552 in
230 1496 413 1566 Nantuates,
429 1496 584 1571 Veragros
616 1495 812 1572 Sedunosque
834 1498 926 1569 misit,
942 1499 994 1574 qui
1016 1499 1055 1556 ab

174 1575 284 1632 linibus
307 1576 508 1650 Allobrogum
536 1581 568 1633 et
595 1575 662 1634 lacu
687 1576 844 1634 Lemanno
872 1583 903 1635 et
932 1577 1054 1636 flumine

175 1654 328 1712 Rhodano
349 1656 387 1713 ad
405 1672 541 1714 summas
556 1655 827 1731 Alpespertinent.
871 1657 973 1716 Oausa
988 1658 1055 1715 mit-
1087 1667 1104 1725 5

173 1735 259 1792 tendi
280 1736 346 1806 fuit,
368 1736 448 1811 quod
472 1735 530 1792 iter
557 1751 610 1809 per
631 1736 735 1811 Alpes,
757 1753 817 1811 quo
845 1754 957 1811 magno
986 1755 1053 1794 cum

174 1815 307 1888 periculo
333 1816 511 1890 magnisque
540 1833 607 1872 cum
635 1816 776 1890 portoriis
805 1824 986 1874 mercatores
1011 1818 1053 1875 ire

174 1901 365 1964 consuerant,
391 1895 525 1970 patefieri
555 1894 683 1953 volebat.
741 1895 823 1960 Huic
850 1896 997 1970 permisit,
1026 1897 1053 1954 si

175 1991 255 2048 opus
266 1992 333 2031 esse
355 1975 561 2044 arbitraretur,
576 1975 622 2032 uti
636 1975 666 2031 in
681 1974 726 2032 eis
740 1975 815 2032 locis
829 1974 979 2050 legionem
994 1976 1054 2034 hie-

174 2055 278 2111 mandi
307 2072 400 2112 causa
428 2055 596 2112 collocaret.
639 2054 745 2124 Galba,
769 2055 909 2113 secundis
937 2055 1053 2131 aliquot
1071 2062 1105 2120 lu

173 2133 287 2207 proeliis
298 2134 387 2192 factis
406 2134 598 2209 castellisque
611 2134 814 2209 compluribus
825 2153 930 2192 corum
941 2153 1054 2210 expug-

173 2213 265 2285 natis,
282 2212 384 2270 missis
406 2214 444 2271 ad
465 2232 535 2271 eum
550 2213 682 2288 undique
701 2214 812 2288 legatis
837 2214 1052 2290 obsidibusque

173 2292 255 2362 datis
286 2299 317 2350 et
344 2311 417 2367 pace
445 2294 534 2362 facta,
561 2293 720 2350 constituit
747 2292 888 2352 cohortes
916 2294 992 2352 duas
1021 2295 1053 2352 in

173 2371 382 2430 Nantuatibus
410 2373 554 2430 collocare
589 2378 620 2430 et
648 2373 712 2448 ipse
741 2390 809 2431 curn
836 2374 961 2449 reliquis
988 2375 1053 2449 ejus

173 2451 303 2526 legionis
324 2451 498 2510 cohortibus
520 2453 552 2509 in
567 2453 634 2509 vico
649 2452 864 2528 Veragrorum,
880 2454 931 2528 qui
954 2454 1103 2529 appel-15

173 2530 255 2589 latur
283 2531 463 2602 Octodurus,
487 2532 638 2590 hiemare:
669 2533 721 2607 qui
750 2533 835 2590 vicus
869 2534 988 2609 positus
1021 2532 1052 2591 in

174 2611 261 2682 valle,
277 2629 338 2669 non
359 2630 472 2686 magna
487 2613 604 2686 adjecta
617 2611 753 2686 planitie,
771 2613 929 2670 altissimis
946 2614 1054 2670 monti·

174 2691 230 2749 hus
254 2692 385 2766 undique
407 2692 583 2750 continetur.
628 2691 706 2750 Cum
728 2693 777 2749 hic
800 2692 831 2749 in
852 2693 929 2750 duas
949 2699 1052 2768 partes

174 2770 296 2828 flumine
312 2771 505 2842 divideretur,
522 2772 647 2829 alteram
664 2777 782 2846 partem
797 2773 936 2846 ejusvici
953 2773 1051 2832 Gallis

174 2851 211 2908 ad
234 2850 429 2908 hiemandum
453 2851 610 2921 concessit,
633 2851 759 2909 alteram
781 2869 909 2909 vacuam
931 2853 969 2909 ab
992 2853 1051 2909 illis
1067 2857 1104 2912 20

173 2931 309 2988 relictam
331 2931 506 2989 cohortibus
536 2930 683 2989 attribuit.
740 2928 821 2988 Eum
843 2932 942 2988 locum
971 2933 1051 2990 vallo

173 3010 314 3085 fossaque
330 3011 469 3070 munivit.

213 3093 239 3148 2.
265 3090 342 3149 Cum
365 3091 430 3148 dies
454 3091 648 3148 hibernorum
669 3091 838 3165 complures
858 3091 1050 3161 transissent,

174 3170 417 3245 frumentumque
437 3187 473 3228 eo
496 3170 677 3245 comportari
696 3171 850 3244 jussisset,
874 3170 974 3228 subito
997 3188 1052 3246 per

171 3251 378 3326 explorat-ores
393 3249 502 3308 certior
515 3250 614 3306 suctus
625 3255 680 3318 cst,
690 3268 727 3306 ex
738 3269 774 3306 ea
785 3255 870 3324 parte
880 3250 948 3321 vici,
959 3267 1051 3325 quam
1067 3251 1104 3308 25

172 3329 270 3388 Gallis
285 3335 482 3399 concesserat,
499 3348 603 3387 ornnes
617 3334 709 3386 noctu
723 3329 907 3398 discessisse,
923 3335 1052 3385 montes-

172 3427 239 3483 que,
255 3409 307 3484 qui
329 3408 546 3484 impenderent,
563 3409 727 3465 anraxima
741 3406 935 3464 multitudine
960 3406 1053 3463 Sedu·

171 3506 278 3548 norum
293 3494 324 3547 et
339 3489 544 3564 Veragrorum
565 3487 669 3545 teneri.
712 3486 749 3544 Id
771 3485 936 3620 aliquot5ple
951 3482 1052 3540 causis

865 3575 875 3638 l
921 3576 932 3635 l
