2562 3770
466 281 581 331 urana
604 283 796 334 seramus,
1033 269 1095 338 lii

158 434 219 493 bus
242 433 274 492 in
296 431 430 492 castellis
456 432 586 491 interdiu
609 434 758 493 stationes
780 433 979 510 ponebantur,
1004 453 1042 495 ne

26 538 32 546 ¹
94 551 96 554 -
160 531 221 590 qua
235 514 336 572 subito
350 512 468 588 eruptio
483 512 579 571 lieret:
601 513 664 572 baec
685 515 791 574 eadem
813 522 904 573 noctu
925 517 1043 574 excubi-

160 594 279 654 toribus
293 610 328 651 ae
342 591 436 650 firmis
450 593 600 667 praesidiis
614 595 802 652 tenebantur.

203 674 248 735 to.
272 672 369 749 Opere
393 672 535 729 instituto
561 671 593 730 lit
621 679 759 748 equestre
787 674 925 751 proelium
948 675 980 734 in
1006 694 1043 734 ea

160 752 403 829 planitie,›qnum
419 751 624 809 intermissam
640 753 766 812 collibus
788 755 848 812 tria
869 755 955 813 milia
975 773 1042 832 pas-
1075 758 1093 815 5

161 849 251 890 suum
265 832 296 888 in
310 831 531 906 longitudinem
541 837 644 906 patere
657 850 748 910 supra
756 835 1039 894 demonstravimus.

162 911 290 970 Summa
305 912 335 969 ri
358 911 396 968 ab
417 911 554 986 utrisque
575 913 774 972 contenditur.
817 914 1041 973 Laborantibus

161 992 275 1050 nostris
291 991 394 1049 Oaesar
409 990 576 1050 Germanos
598 992 753 1051 submittit
772 993 966 1068 legionesque
986 1011 1041 1070 pro

160 1071 270 1129 castris
285 1070 451 1141 constituit,
468 1088 504 1127 ne
520 1089 581 1145 qua
596 1071 696 1129 subito
711 1072 838 1149 irruptio
853 1073 890 1129 ab
906 1072 1040 1130 hostium

160 1151 300 1227 peditatu
328 1150 388 1208 liat.
445 1149 590 1208 Presidio
618 1150 771 1226 legionum
799 1152 904 1210 addito
929 1154 1041 1210 nostris
1057 1153 1093 1212 lo

93 1299 96 1305 Ι
161 1231 284 1288 animus
306 1237 450 1304 augetur:
473 1229 575 1287 hostes
599 1231 630 1287 in
652 1231 757 1306 fugam
780 1232 906 1306 conjecti
929 1250 961 1290 se
984 1232 1042 1308 ipsi

160 1309 355 1368 multitudine
380 1310 547 1385 impediunt
574 1316 665 1385 atque
694 1311 921 1386 angustioribus
946 1312 1041 1386 portis

160 1389 274 1448 relictis
302 1395 526 1447 coacervantur.
578 1389 720 1448 Germani
749 1392 846 1448 aerius
874 1408 967 1466 usque
1002 1392 1041 1450 ad

160 1469 347 1526 munitiones
361 1474 534 1542 sequuntur.
578 1469 629 1528 Fit
644 1487 756 1544 magna
770 1470 882 1528 caedes:
905 1471 1040 1528 nonnulli

160 1549 276 1607 relictis
290 1548 375 1624 equis
390 1549 504 1606 fossam
520 1549 647 1606 transire
662 1555 693 1606 et
708 1551 868 1608 maceriam
888 1556 1040 1609 transcen·
1058 1551 1092 1608 15

160 1630 232 1687 dere
253 1635 407 1687 conantur.
451 1628 580 1686 Paulum
601 1628 735 1704 legiones
757 1629 868 1700 ansar,
888 1647 964 1705 quas
984 1649 1039 1706 pro

161 1708 244 1767 vallo
273 1708 478 1777 constituerat
501 1709 669 1783 promoveri
693 1710 786 1784 jubet.
829 1709 899 1767 Non
928 1711 1038 1782 minus,

161 1789 214 1864 qui
247 1788 326 1845 intra
354 1787 539 1844 munitiones
574 1793 669 1857 erant,
698 1790 912 1864 perturbantur
941 1789 1037 1848 Galli:

161 1868 259 1926 veniri
275 1868 360 1926 adse
375 1867 531 1924 confestim
546 1868 755 1926 existimantes
775 1870 812 1927 ad
828 1887 912 1926 arma
926 1870 1041 1926 conclu

161 1954 262 2021 mant3
283 1946 420 2004 nonnulli
447 1947 599 2021 perterriti
628 1947 658 2004 in
688 1948 831 2022 oppidum
859 1949 1037 2024 irrumpunt.
1055 1947 1092 2005 20

163 2026 396 2101 Vercingetorix
405 2027 492 2100 jubet
507 2033 611 2100 portas
627 2027 734 2097 claudi,
750 2046 786 2085 ne
808 2035 908 2086 castra
928 2030 1041 2087 nuden-

161 2113 219 2166 tur.
263 2106 372 2163 Multis
395 2105 568 2176 interiectis,
594 2107 797 2182 compluribus
819 2109 904 2184 equis
932 2109 1037 2184 captia,

163 2187 306 2246 Germani
322 2203 388 2243 sese
403 2185 559 2259 recipiunt.

202 2268 248 2328 tl.
272 2264 512 2338 Vercingetorix,
527 2264 703 2340 priusquam
721 2267 904 2325 munitiones
925 2269 963 2324 ab
979 2268 1040 2326 Ro-

161 2346 261 2404 manis
285 2344 482 2422 perficiantur,
505 2344 664 2401 eonsilium
692 2347 781 2420 capit,
804 2364 922 2404 ornnem
945 2349 982 2405 ab
1008 2365 1040 2406 se
1055 2346 1092 2402 25

161 2427 330 2501 equitatum
344 2431 436 2481 noetu
450 2423 610 2481 dimittere.
654 2424 889 2484 Discedentibus
906 2428 1038 2498 mandat,
1138 2479 1141 2486 .

163 2512 196 2563 ut
216 2523 303 2563 suam
318 2504 445 2580 quisque
466 2521 570 2560 eorum
590 2503 746 2562 civitatem
762 2505 852 2563 adeat
866 2524 1038 2581 omnesque,

161 2585 212 2660 qui
234 2602 286 2661 per
307 2589 427 2641 atatem
450 2600 534 2642 arma
556 2584 631 2641 ferre
653 2585 779 2659 possint,
803 2585 840 2642 ad
863 2586 974 2642 bellum
995 2605 1041 2644 co·
1099 2621 1103 2630 ·

162 2671 257 2740 gant;
278 2681 334 2721 sua
347 2664 379 2720 in
393 2663 462 2720 illos
476 2663 585 2720 merita
599 2665 739 2739 proponit
754 2665 991 2740 obtestaturque,
1006 2670 1040 2722 ut

161 2762 223 2802 suae
244 2744 351 2802 salutis
372 2743 518 2800 rationem
541 2742 681 2814 babeant,
698 2763 756 2801 neu
778 2763 809 2802 se
824 2745 867 2816 de
889 2745 1040 2803 communi
1055 2741 1093 2798 30

161 2825 301 2881 libertate
329 2823 442 2899 optime
471 2823 611 2879 meritum
640 2824 778 2882 hostibus
814 2825 845 2882 in
874 2826 1040 2883 cruciatum

161 2905 292 2962 dedant:
314 2903 396 2978 quod
411 2902 436 2959 si
452 2901 693 2977 indiligentiores
707 2905 828 2975 fuerint,
846 2905 930 2962 milia
948 2905 1036 2962 horni-

161 3002 233 3042 num
248 2983 366 3046 delecta
386 2982 542 3056 octoginta
557 3001 617 3040 una
631 3001 732 3040 secum
748 2985 907 3042 interitura
922 2979 1042 3043 demon-

161 3069 258 3137 strat;
279 3063 394 3120 ratione
407 3062 484 3119 inita
499 3079 530 3118 se
545 3063 653 3136 exigue
665 3063 779 3121 dierum
793 3065 919 3139 triginta
929 3065 1040 3122 habere

160 3144 354 3213 frumentum,
370 3143 422 3200 sed
444 3143 534 3218 paulo
549 3143 641 3200 etiam
664 3143 784 3217 longius
807 3146 935 3202 tolerare
950 3161 1039 3220 posse
1055 3141 1092 3200 35

160 3223 320 3299 parcendo.
363 3222 423 3279 His
437 3223 517 3279 datis
532 3223 692 3291 mandatis,
709 3241 769 3298 qua
783 3242 858 3299 opus
873 3231 939 3282 erat
953 3225 1042 3282 inter·

57 3334 62 3340 ·
160 3305 298 3371 missurn,
315 3302 567 3376 secundavigilia
590 3302 710 3360 silentio
733 3303 903 3377 equitatum
926 3305 1040 3377 mittit3

161 3383 346 3442 frumentum
361 3399 449 3439 omne
464 3382 502 3440 ad
518 3399 549 3438 se
565 3381 665 3439 referri
675 3382 780 3456 11111115
795 3383 906 3457 eapitis
921 3399 1041 3458 poenam
1123 3407 1125 3410 ·

161 3464 208 3536 iis,
219 3463 271 3540 qui
286 3479 347 3520 non
360 3462 523 3540 paruerint,
534 3461 709 3520 constituit:
725 3478 825 3536 pecua,
835 3463 919 3536 cujus
929 3478 1043 3536 magna

284 3555 314 3602 12
