2524 3776
514 294 628 340 muna
652 294 820 344 rnarrns.
1087 283 1128 349 69

196 441 253 502 sibi
269 444 458 520 supportari,
481 443 512 501 in
533 444 598 502 dies
620 443 754 504 hostium
774 463 933 504 numerum
951 447 1074 525 augeri;

196 541 256 581 non
284 525 485 582 cunctandum
513 525 709 594 existimavit,
740 526 813 602 quin
842 545 946 603 pugna
976 529 1075 586 decer·

195 608 282 661 taret.
327 604 395 662 Hac
410 622 441 661 re
456 605 494 661 ad
505 604 665 662 consilium
679 604 790 675 delata,
806 606 857 662 ubi
874 624 978 665 omnes
993 608 1074 666 idem

195 683 307 740 sentire
323 683 479 754 intellexit,
495 691 648 758 posterum
669 685 749 742 diem
763 703 871 760 pngnae
887 688 1052 746 constituit.

237 765 283 820 24.
306 764 410 821 Prima
425 765 498 838 luce·
511 764 665 838 productis
686 766 826 822 omnibus
846 767 949 842 copiis,
962 767 1074 843 duplici
1108 769 1126 829 5

195 844 259 900 acie
282 843 431 914 instituta,
454 843 573 900 auxiliis
598 844 629 900 in
652 845 783 902 mediam
804 845 899 903 aciem
921 848 1071 921 conjectis,

195 922 267 997 quid
290 922 392 980 hostes
415 923 531 980 consilii
552 926 906 1000 caperentcxspectabat.
939 927 998 999 Illi,
1014 928 1072 986 etsi

193 1009 317 1078 propter
331 1003 556 1060 multitudinem
573 1010 605 1060 ct
620 1011 751 1062 veterem
768 1005 837 1062 belli
852 1005 980 1081 gloriam
1002 1025 1074 1082 pau·

194 1083 376 1158 citatemque
392 1088 563 1140 nostrorum
584 1099 616 1140 se
631 1089 698 1141 tuto
710 1084 907 1143 dimicaturos
921 1087 1073 1144 ‹xistima

195 1162 277 1232 bant,
296 1168 398 1220 tamen
413 1163 509 1220 tutius
523 1179 590 1219 esse
606 1163 838 1236 arbitrabantur,
856 1165 989 1224 obsessis
1005 1167 1071 1239 viis,
1089 1169 1125 1228 10

195 1250 365 1300 commeatu
387 1242 557 1313 interclusa,
574 1243 639 1322 sine
661 1243 721 1301 ullo
738 1244 861 1302 vulnere
877 1245 1004 1304 victoria
1023 1264 1074 1323 po·

193 1322 262 1380 tiri:
282 1329 322 1393 et,
338 1322 365 1379 si
379 1328 502 1399 propter
517 1322 649 1398 inopiam
664 1323 706 1380 rei
722 1323 925 1382 frumentaria
940 1326 1072 1384 Romani

194 1419 261 1460 sese
275 1402 406 1477 recipere
421 1403 592 1478 coepissent,
608 1402 770 1477 impeditos
785 1403 816 1461 in
834 1406 954 1478 agmine
969 1413 1000 1463 et
1014 1407 1071 1464 sub

193 1481 321 1540 sarcinis
346 1481 506 1539 infirmiore
527 1482 629 1540 animo
651 1482 760 1540 adoriri
775 1484 959 1558 cogitabant.
1003 1485 1071 1544 Hoc

193 1561 320 1619 consilio
340 1563 466 1636 probato
481 1561 520 1618 ab
534 1562 670 1632 ducibus,
686 1563 840 1638 productis
863 1565 1071 1623 Romanorum
1087 1568 1122 1626 15

193 1641 298 1716 copiis,
328 1659 394 1700 sese
422 1641 530 1699 castris
558 1641 710 1700 tenebant.
754 1643 823 1701 Hac
847 1661 879 1700 re
903 1651 1068 1721 perspecta,

194 1720 333 1792 Crassus,
344 1739 411 1779 cum
424 1739 479 1778 sua
493 1721 683 1779 cunctatione
699 1728 788 1798 atquc
800 1722 938 1797 opinione
952 1725 1071 1782 timoris

194 1800 299 1858 hostes
326 1807 447 1859 nostros
474 1801 587 1858 milites
616 1801 776 1859 alacriores
806 1803 844 1860 ad
870 1805 1071 1878 pugnandum

192 1881 378 1954 effecissent,
400 1887 489 1957 atque
511 1881 645 1938 omnium
661 1898 751 1940 voces
769 1882 952 1955 audirentur,
962 1902 1074 1959 exspec-

192 1961 253 2018 tari
274 1961 391 2019 diutius
415 1974 480 2020 non‘
499 1967 643 2036 oportere,
667 1962 740 2036 quin
769 1961 807 2019 ad
829 1968 929 2020 castra
958 1964 1068 2037 iretur3
1085 1967 1122 2024 20

193 2040 368 2098 cohortatus
390 2057 462 2098 suos
493 2041 633 2098 omnibus
655 2041 844 2117 cupientibus
876 2043 915 2100 ad
936 2043 1070 2101 hostium

192 2126 294 2178 castra
309 2121 470 2178 contendit.
574 2161 577 2168 Δ

234 2203 279 2260 25.
302 2200 350 2258 Ibi
374 2218 442 2258 cum
466 2199 517 2258 alii
542 2200 640 2258 fossas
663 2201 857 2276 complerent,
881 2201 931 2259 alii
965 2203 1070 2261 multis

191 2280 263 2338 telis
277 2280 421 2355 conjectis
444 2281 616 2338 defensores
632 2281 713 2338 vallo
727 2281 1006 2357 munitionibusque
1022 2283 1071 2340 de-

192 2361 347 2436 pellerent,
377 2360 607 2435 auxiliaresque,
637 2360 746 2435 quibus
776 2361 814 2419 ad
846 2379 979 2436 pugnarn
1008 2380 1069 2420 non
1084 2363 1121 2422 25

191 2441 322 2498 multum
341 2439 469 2498 Crassus
490 2439 666 2510 confidebat,
682 2441 833 2516 lapidibus
854 2441 982 2516 telisque
1004 2443 1071 2500 sub

192 2520 403 2578 ministrandis
427 2525 459 2578 et
473 2520 512 2578 ad
532 2537 675 2594 aggerem
696 2521 861 2596 cespitibus
882 2528 1071 2596 comportan-

191 2599 240 2658 dis
272 2601 403 2676 speciem
425 2605 516 2675 atque
538 2600 710 2675 opinionem
735 2601 937 2676 pugnantium
961 2602 1071 2676 praebe·

192 2685 277 2754 rcnt;
310 2698 378 2739 cnm
406 2679 480 2737 item
508 2680 547 2737 ab
575 2679 714 2737 hostibus
741 2686 917 2738 constanter
945 2699 980 2738 ac
1008 2699 1069 2739 non

191 2760 299 2818 timide
319 2765 505 2836 pugnaretur
529 2759 649 2834 telaque
671 2777 708 2817 ex
728 2759 794 2819 loco
809 2761 960 2836 superiore
974 2762 1069 2818 missa
1083 2763 1120 2820 30

192 2857 254 2898 non
269 2841 382 2897 frustra
403 2839 589 2912 acciderent,
610 2839 728 2914 equites
752 2839 918 2898 circumitis
935 2839 1070 2898 hostium

192 2920 301 2978 castris
327 2920 439 2979 Crasso
453 2919 713 2990 renunciaverunt,
726 2937 787 2977 non
801 2921 906 2977 eadem
922 2938 988 2977 csse
1006 2921 1071 2978 dili·

192 3001 297 3075 gentia
312 2999 351 3056 ab
365 3000 532 3057 decumana
545 3005 632 3076 porta
643 3004 744 3056 castra
755 3001 873 3057 munita
892 3000 1069 3076 facilemque

191 3080 310 3137 aditum
325 3079 443 3138 habere.

233 3161 279 3218 26.
303 3159 433 3219 Crassus
467 3159 603 3234 equitum
637 3157 793 3234 praefectos
821 3158 1005 3229 cohortatus,
1033 3164 1069 3218 ut
1084 3162 1120 3219 35

190 3239 314 3314 magnis
324 3239 457 3315 praemiis
468 3238 797 3314 pollicitationibusque
809 3256 880 3296 suos
892 3239 1067 3311 excitarent,

191 3319 266 3394 qnid
288 3318 351 3377 fieri
372 3319 454 3390 velit,
470 3319 611 3377 ostendit.
653 3318 712 3389 Illi,
736 3325 857 3376 uteret
878 3318 1068 3394 imperatum,

189 3399 310 3457 eductis
337 3404 467 3474 quatuor
493 3398 676 3469 cohortibus,
698 3415 765 3473 quae
794 3397 934 3473 praesidio
961 3397 1068 3454 castris

190 3479 303 3538 relicta
327 3478 440 3537 intrita
461 3478 499 3536 ab
520 3479 622 3538 labore
642 3483 737 3550 erant,
753 3482 785 3536 et
806 3476 941 3552 longiore
963 3475 1069 3533 ‘tinere
