2524 3776
461 253 575 328 ursus
600 280 750 329 sarnus.
1047 265 1088 330 15

146 429 249 507 possit
290 431 329 490 Id
345 431 481 490 Helvetii
494 430 614 490 ratibus
628 449 664 490 ac
677 430 819 490 lintribus
829 428 944 504 junctis
957 435 1037 490 tran-

143 510 252 570 sibant
295 511 357 572 Ubi
377 528 432 587 per
451 511 656 586 exploratores
679 510 782 569 Gaesar
809 512 918 570 certior
938 512 1037 571 iactus

143 595 198 663 est,
214 597 278 650 tres
297 593 362 666 jam
387 591 541 666 copiarum
563 597 666 666 partes
689 590 850 648 Helvetios
870 590 901 648 id
926 591 1036 650 flumen

142 671 362 741 transduxisse,
392 677 532 746 quartam
566 671 628 728 iere
663 676 780 744 partem
815 671 892 729 citra
926 670 1036 729 flumen

143 751 267 808 Ararim
281 750 426 824 reliquam
441 767 527 823 essc;
548 749 584 807 de
599 751 689 808 tertia
704 749 894 825 vigiliacum
914 750 1039 826 legioni·
1071 749 1089 806 5

144 831 200 888 bus
214 830 314 888 tribus
334 848 350 888 e
372 830 480 888 castris
492 830 645 906 proiectus
671 830 708 887 ad
724 848 790 887 eam
805 837 922 904 partem
937 848 1039 905 perve-

143 909 197 981 nit,
213 927 280 984 quoe
294 909 428 967 nondum
449 909 559 966 flumen
576 909 747 968 transierat.
790 909 854 967 Eos
874 909 1038 985 impeditos

142 995 173 1047 et
193 989 387 1064 inopinantes
416 1006 580 1064 aggressus
618 1006 762 1063 maguum
788 1007 891 1047 eorum
920 997 1038 1067 partem

144 1069 293 1128 concidit:
329 1068 435 1144 reliqui
463 1068 544 1143 fugae
573 1086 639 1127 sese
667 1069 852 1127 mandarunt
881 1075 972 1144 atque
1006 1071 1037 1129 in

143 1148 298 1224 proximas
322 1148 417 1206 silvas
432 1149 620 1207 abdiderunt.
663 1148 696 1206 Is
709 1165 809 1224 pagus
830 1149 1039 1226 appellabatur
1055 1145 1091 1204 lo

144 1229 328 1304 Tigurinus:
350 1246 420 1285 nam
442 1229 541 1287 omnis
562 1228 671 1286 civitas
693 1227 838 1287 Helvetia
857 1229 887 1285 in
909 1234 1040 1304 quatuor

143 1325 241 1384 pagos
254 1307 356 1366 divisa
370 1313 424 1366 est.
467 1307 527 1366 Hic
540 1326 639 1383 pagus
660 1325 747 1377 uuus,
764 1326 833 1366 cum
854 1308 943 1366 domo
964 1309 1040 1367 exis·

145 1394 191 1447 set
225 1393 347 1463 patrum
371 1393 542 1444 nostrornm
567 1388 720 1457 memoria,
742 1387 871 1445 Lucium
895 1388 1038 1447 Cassium

146 1469 303 1526 consulem
331 1467 521 1525 interiecerat
545 1473 576 1524 et
589 1469 654 1542 eJus
668 1467 833 1524 exercitum
855 1468 911 1524 sub
927 1469 1037 1543 jugum

145 1548 278 1605 miserat.
321 1547 379 1619 Ita,
402 1547 467 1604 sive
489 1564 570 1616 casu,
587 1547 652 1604 sive
677 1547 803 1605 consilio
836 1546 961 1605 deorum
986 1549 1039 1604 im·
1055 1544 1090 1600 15

145 1627 329 1698 mortalium,
353 1645 419 1701 quae
443 1643 515 1702 pars
543 1626 678 1684 civitatis
708 1626 859 1684 Helvetiae
887 1627 1037 1702 insignem

145 1706 351 1764 calamitatem
379 1706 491 1782 populo
511 1705 652 1763 Romano
673 1705 826 1775 intulerat,
842 1724 878 1764 ea
899 1707 1038 1782 princeps

145 1803 251 1860 poenas
265 1786 420 1862 persolvit.
465 1785 532 1859 Qua
553 1786 584 1843 in
599 1803 632 1843 re
647 1785 750 1844 Oaesar
765 1803 825 1844 non
846 1786 946 1844 solum
966 1787 1040 1862 pub

145 1865 228 1936 licas,
244 1865 404 1923 sedetiam
419 1865 698 1941 privatasiujurias
712 1865 794 1922 ultus
808 1871 864 1939 est,
880 1866 960 1941 quod
975 1868 1039 1941 ejus

146 1946 240 2003 soceri
262 1944 349 2002 Lucii
372 1945 494 2003 Pisonis
516 1961 616 2016 avum,
641 1945 769 2002 Lucium
796 1944 938 2002 Pisonem
958 1945 1040 2021 lega·
1054 1943 1092 2000 20

146 2029 219 2096 tum,
246 2024 386 2100 Tigurini
414 2025 519 2083 eodem
547 2024 661 2100 proelio,
687 2042 746 2100 quo
775 2023 925 2096 Cassium,
950 2026 1041 2084 inter-

146 2105 285 2163 fecerunt.
544 2145 546 2149 -

187 2186 231 2242 13.
255 2185 324 2242 Hoc
337 2184 442 2259 proelio
457 2185 545 2254 facto,
560 2183 694 2258 reliquas
708 2184 812 2260 copias
828 2182 1040 2243 Helvetiorum

145 2269 180 2321 ut
191 2265 334 2340 consequi
348 2271 460 2340 posset,
469 2259 596 2340 ¹pontem
611 2265 642 2321 in
657 2263 755 2323 Arare
770 2263 940 2322 faciendum
954 2269 1041 2322 curat

146 2351 236 2420 atque
251 2345 295 2402 ita
316 2345 479 2403 exercitum
501 2344 677 2403 transducit.
724 2343 860 2402 Helvetii
884 2345 1040 2420 repentino
1055 2337 1092 2397 tt

145 2425 210 2499 cJus
238 2425 373 2483 adventu
400 2426 552 2497 commoti,
578 2443 646 2483 cum
674 2425 714 2496 id,
737 2423 818 2500 quod
846 2424 904 2499 ipsi
933 2423 1040 2482 diebus

146 2503 256 2580 viginti
278 2505 432 2580 aegerrime
454 2505 651 2575 confecerant,
674 2510 708 2562 nt
729 2503 840 2562 flumen
868 2503 1039 2574 transirent,

30 2623 53 2666 '.
145 2602 206 2641 uno
229 2584 313 2641 illum
335 2585 383 2642 die
405 2585 511 2642 iecisse
531 2583 743 2658 intelligerent,
766 2585 886 2659 legatos
911 2584 949 2642 ad
971 2601 1042 2642 enm

145 2664 290 2722 mittunt:
319 2667 403 2738 cujus
423 2658 586 2739 legationis
607 2663 716 2721 Divico
736 2665 877 2740 princeps
898 2665 965 2734 fuit,
988 2663 1041 2740 qui

146 2743 224 2801 bello
242 2743 392 2803 Cassiano
407 2745 468 2802 dux
489 2743 701 2802 Helvetiorum
716 2743 821 2801 fuerat.
864 2745 898 2803 Is
913 2745 957 2802 ita
971 2762 1039 2802 cum
1056 2741 1093 2797 30

147 2822 267 2882 Caesare
296 2825 376 2898 agit:
409 2823 467 2883 “Si
493 2841 599 2899 pacem
634 2822 764 2898 populus
785 2811 945 2882 Romanus
972 2842 1040 2883 cum

146 2903 300 2962 Helvetiis
324 2905 444 2973 iaceret,
470 2903 502 2961 iu
525 2921 593 2963 earn
616 2908 735 2978 partem
758 2903 853 2960 ituros
883 2909 974 2979 atque
999 2904 1041 2961 ibi

146 2983 266 3040 futuros
282 2983 451 3053 Helvetios,
467 2982 519 3039 ubi
534 3000 586 3041 eos
608 2981 712 3040 (laesar
725 2983 934 3041 constituisset
949 2989 1040 3058 atque

146 3080 213 3120 esse
228 3063 392 3120 voluisset:
415 3063 462 3120 sin
477 3062 553 3120 bello
569 3063 707 3138 persequi
726 3069 941 3138 perseveraret,
957 3063 1043 3122 remi·

145 3143 314 3201 uisceretur
334 3149 366 3200 et
386 3143 499 3200 veteris
520 3142 700 3201 incommodi
732 3143 836 3218 populi
858 3144 989 3201 Roma-ni
1011 3148 1042 3202 et
1056 3146 1093 3202 35

145 3222 283 3297 pristinae
292 3222 417 3280 virtutis
427 3221 648 3281 Helvetiorum.
672 3221 760 3295 Quod
772 3223 1041 3298 improvisounum

145 3319 261 3378 pagum
276 3302 402 3361 adortus
422 3309 512 3374 osset,
527 3321 595 3362 cum
610 3302 641 3373 ii,
657 3302 709 3376 qui
724 3302 834 3360 flumen
848 3304 1040 3374 transissent,

145 3383 211 3440 suis
224 3382 373 3440 auxilium
389 3383 464 3441 ferre
485 3401 546 3440 nou
565 3385 700 3458 possent,
716 3399 753 3440 ne
769 3383 806 3440 ob
820 3400 887 3440 eam
903 3400 966 3440 rem
988 3388 1041 3442 aut

22 3494 27 3503 ·
124 3479 208 3522 ‚sure
231 3480 415 3538 magnopere
436 3462 542 3520 virtuti
563 3461 709 3519 tribueret
731 3466 785 3520 aut
805 3461 889 3536 ipsos
911 3462 1042 3537 despice·
