2524 3776
207 259 249 340 28
477 291 522 337 nn
548 291 668 337 suario
695 289 870 338 casarea.

259 442 290 499 in
305 460 396 500 unum
411 441 510 500 locum
525 442 702 500 contrahere
715 459 823 517 posse:
846 441 903 499 sibi
915 447 1015 500 autem
1029 443 1137 502 mirum

260 523 363 593 videri,
380 523 453 598 quid
474 522 506 578 in
528 539 584 579 sua
598 522 708 592 Gallia,
723 540 814 598 quam
836 522 915 580 bello
936 523 1069 594 vicisset,
1086 530 1136 582 aut

260 601 373 660 Caesari
399 607 448 660 aut
467 603 589 659 omnino
611 602 722 677 populo
738 603 878 660 Romano
897 603 1015 678 negotii
1028 605 1138 663 esset.”

299 686 344 741 35.
369 681 428 740 His
442 683 597 756 responsis
619 683 657 740 ad
674 681 824 740 Oaesarem
845 683 958 753 relatis,
973 684 1082 742 iterum
1100 685 1138 744 ad

224 763 242 822 5
257 779 326 820 cum
343 762 446 820 Caesar
460 762 579 836 legatos
594 779 662 819 cum
678 761 726 818 his
741 762 894 819 mandatis
908 763 1018 822 mittit:
1035 765 1138 838 “Quo

257 843 339 900 niam
354 848 441 900 tanto
456 859 512 899 suo
532 841 694 917 populique
707 841 840 899 Romani
855 841 997 900 beneficio
1013 843 1137 904 affectus

258 930 342 998 (cum
364 924 395 980 in
416 923 577 981 consulatu
598 939 653 978 suo
667 938 720 978 rex
742 926 833 996 atque
855 921 971 979 amicus
987 939 1006 978 a
1029 935 1137 982 senatu

257 1003 425 1078 appellatus
436 1002 543 1078 esset),
556 1000 634 1058 hanc
649 1000 707 1058 sibi
730 1000 899 1076 populoque
914 1001 1055 1060 Romano
1070 1020 1138 1077 gra-

256 1082 329 1139 tiam
345 1083 476 1152 referret,
493 1088 528 1140 ut
542 1083 574 1138 in
589 1080 773 1156 colloquium
789 1081 891 1138 venire
906 1080 1056 1138 invitatus
1070 1101 1136 1158 gra

205 1160 240 1218 10
255 1168 385 1231 varetur,
408 1179 505 1236 neque
532 1162 569 1219 da
601 1161 753 1219 communi
777 1177 809 1218 re
830 1161 990 1223 dicendum
1018 1162 1078 1219 sibi
1105 1174 1137 1222 et

255 1242 497 1317 cognoscendum
511 1246 646 1317 putaret3
669 1240 732 1298 haec
752 1257 828 1310 esse,
845 1258 911 1315 quae
926 1241 964 1298 ab
978 1260 1013 1299 eo
1034 1249 1137 1319 postu·

254 1320 343 1379 leret:
371 1321 510 1396 primum,
536 1339 574 1377 ne
602 1339 694 1396 quam
723 1320 880 1378 hominum
908 1321 1134 1381 multitudinem

254 1401 386 1476 amplius
413 1405 510 1470 trans
527 1399 671 1458 Rhenum
699 1401 730 1458 in
753 1400 884 1460 Galliam
912 1402 1134 1461 transduceret:

254 1481 361 1539 deinde
383 1480 512 1550 absidae,
535 1497 611 1556 quos
639 1479 764 1538 haberet
785 1482 822 1538 ab
843 1479 963 1550 AEduis
994 1483 1134 1540 redderet

204 1561 239 1619 15
256 1560 464 1636 Sequanisque
497 1560 694 1637 permitteret,
724 1566 766 1630 ut,
794 1579 871 1637 quos
907 1561 949 1617 illi
978 1561 1133 1634 haberent,

254 1642 410 1698 voluntate
434 1642 498 1714 ejus
520 1641 644 1698 reddere
671 1640 732 1698 illis
759 1641 878 1714 liceret;
910 1659 986 1698 neve
1014 1641 1134 1702 AEduos

252 1721 362 1794 injuria
382 1721 551 1791 lacesseret,
574 1739 649 1778 neve
672 1719 720 1777 his
741 1721 870 1778 sociisve
894 1738 997 1778 eorum
1020 1722 1133 1781 bellum

253 1801 394 1859 inferret:
416 1801 443 1858 si
464 1800 495 1858 id
516 1801 560 1857 ita
581 1801 710 1871 fecisset,
727 1800 786 1857 sibi
807 1800 977 1876 populoque
992 1801 1135 1862 Romano

253 1887 430 1956 perpetuam
452 1881 584 1954 gratiam
606 1886 697 1954 atque
719 1879 884 1938 amicitiam
906 1898 973 1938 cum
995 1899 1030 1939 eo
1055 1882 1134 1941 iutu-

202 1963 238 2020 20
253 1979 336 2018 ram:
358 1961 384 2017 si
399 1978 459 2017 non
475 1960 660 2036 impetraret,
677 1977 742 2017 sese
758 1960 918 2035 (quoniam
934 1961 1038 2018 Marco
1053 1962 1135 2020 Mes·

254 2041 319 2098 sala
339 2040 444 2098 Marco
466 2040 577 2098 Pisone
605 2039 787 2110 consulibus,
813 2046 938 2098 sena-tus
955 2042 1132 2114 censuisset,

253 2121 307 2191 uti,
322 2121 503 2196 quicumque
519 2118 649 2178 Galliam
671 2119 857 2193 provinciam
880 2121 1036 2192 obtineret,
1052 2123 1134 2197 quod

231 2275 233 2278 Ι
253 2200 411 2259 commodo
431 2199 603 2274 reipublicae
619 2199 714 2256 facere
736 2206 848 2274 posset,
865 2198 985 2257 AEduos
1007 2207 1134 2259 ceteros-
1221 2211 1222 2214 ’

252 2298 310 2356 que
325 2279 437 2337 amicos
460 2279 561 2354 populi
577 2278 710 2336 Romani
725 2279 923 2357 defenderet),
940 2287 1005 2337 sese
1020 2281 1134 2340 AEduo·

201 2360 236 2417 25
252 2378 318 2417 rum
334 2359 457 2433 injurias
472 2375 532 2415 non
548 2359 785 2433 neglecturum.”

293 2443 338 2499 36.
363 2439 412 2496 Ad
429 2437 493 2496 haee
503 2438 679 2496 Ariovistus
694 2438 863 2512 respondit:
880 2439 1038 2496 “Jusesse
1052 2440 1132 2511 belli,
1178 2464 1181 2469 ·

253 2525 295 2589 ut,
312 2519 363 2594 qui
385 2519 539 2587 vicissent,
555 2519 602 2586 iis,
618 2534 694 2592 quos
711 2519 863 2586 vicissent,
879 2520 1133 2593 quemadmodum
1153 2560 1155 2564 -

253 2600 373 2665 vellent,
385 2599 585 2674 imperarent:
600 2598 673 2660 item
697 2597 841 2672 populum
857 2598 1031 2656 Romanum
1044 2601 1134 2658 victis

193 2725 195 2729 .
253 2697 313 2737 non
329 2679 366 2736 ad
382 2678 505 2736 alterius
519 2677 735 2753 praecriptum,
748 2679 801 2735 sed
814 2678 852 2735 ad
865 2695 954 2735 suum
976 2679 1132 2736 arbitrium

197 2761 238 2818 ’30
253 2759 400 2834 imperare
421 2775 590 2815 consuesse.
635 2757 668 2814 Si
690 2757 753 2831 ipse
783 2757 894 2832 populo
916 2758 1056 2816 Romano
1072 2777 1133 2817 non

253 2838 467 2914 praescriberet,
483 2836 738 2912 quemadmodum
753 2853 808 2894 suo
818 2839 885 2910 jure
901 2843 1051 2910 uteretur;
1073 2857 1134 2896 non

254 2924 391 2994 oportere
414 2935 480 2974 sese
502 2935 520 2974 a
548 2917 658 2991 populo
674 2916 815 2974 Romano
836 2916 868 2973 in
890 2933 945 2974 suo
962 2919 1027 2990 jure
1043 2918 1134 2993 impe«

254 2997 319 3055 diri.
363 2997 481 3054 AEduos
503 2996 569 3066 sibi,
592 2995 734 3072 quoniam
756 2996 826 3053 belli
848 2997 1000 3053 fortunam
1022 3004 1133 3056 tentas·

255 3083 323 3134 sent
336 3082 368 3134 et
382 3077 476 3134 armis
497 3076 650 3150 congressi
667 3094 701 3132 ac
716 3075 848 3150 superati
864 3082 975 3146 essent,
991 3077 1135 3152 stipendi·

200 3159 236 3216 35
254 3157 338 3214 arios
366 3173 433 3214 esse
468 3156 574 3213 factos
629 3155 774 3229 Magnam
806 3156 958 3214 (laesarum
994 3157 1134 3230 injuriam

254 3237 359 3304 faeere,
389 3235 439 3310 qui
469 3251 523 3292 suo
553 3235 684 3292 adventu
713 3236 875 3309 vectigalia
903 3237 960 3294 sibi
986 3237 1135 3296 deteriora

253 3316 372 3372 faceret.
416 3314 526 3372 AEduis
552 3332 583 3372 se
609 3314 729 3372 obsides
750 3317 940 3374 redditurum
969 3335 1030 3374 non
1057 3335 1134 3390 esse,

254 3411 351 3470 neque
372 3394 410 3450 iis
434 3411 530 3468 neque
546 3411 649 3451 eorum
666 3395 756 3453 sociis
778 3397 887 3471 injuria
908 3397 1020 3454 bellum
1035 3397 1134 3454 illatu-

254 3492 328 3540 rum,
344 3473 371 3532 si
394 3473 422 3528 in
446 3491 480 3530 eo
496 3479 662 3541 manerent,
677 3475 757 3549 quod
776 3477 974 3544 convenisset,
991 3477 1136 3549 stipendi-
