2548 3774
480 321 593 368 arans
623 321 797 378 onrnrus.
1046 303 1107 367 105

177 472 279 550 pepuli
296 472 426 531 Romani
441 472 599 548 imperium
613 473 775 543 redactam,
792 470 943 548 superiore
959 468 1055 545 gloria

178 555 220 611 rei
235 553 375 610 militaris
388 553 547 610 exstincta.
591 553 749 609 Postremo
764 552 832 626 quis
848 552 904 609 hoe
919 550 977 607 sibi
991 568 1055 626 per-

177 633 325 702 suaderet,
350 632 415 688 sine
443 637 579 690 certare
605 632 813 706 Ambiorigem
844 632 882 689 ad
905 630 1055 704 ejusmodi

177 712 336 770 consilium
348 709 558 769 descendisse?
595 711 688 769 Suam
703 711 885 769 sententiam
897 712 929 768 in
946 717 1056 768 utram·

177 811 235 867 que
256 788 373 867 partem
396 808 462 848 esse
487 798 603 848 tutam:
625 791 651 847 si
675 791 718 847 nil
739 796 821 850 esset
841 791 954 862 durius,
970 790 1054 848 nullo
1088 791 1106 848 5

176 871 309 947 periculo
337 871 376 928 ad
403 871 572 946 proximam
601 871 751 944 legionem
778 877 993 946 perventuros3
1029 869 1055 927 si

179 951 279 1010 Gallia
293 951 391 1007 omnis
412 968 480 1007 cum
496 950 657 1009 Germanis
672 951 865 1022 consentiret,
881 968 973 1008 unam
987 967 1054 1007 esse

176 1031 208 1089 in
233 1031 386 1089 celeritate
410 1030 541 1105 positam
567 1029 705 1087 salutem.
749 1030 847 1089 Oottae
869 1030 990 1105 quidem
1012 1035 1055 1087 at

176 1129 234 1186 que
255 1128 368 1180 eornm,
384 1111 433 1184 qui
455 1109 659 1180 dissentirent,
675 1111 834 1167 consilium
856 1128 945 1185 quem
968 1109 1056 1166 habe·

177 1199 223 1248 ret
236 1189 371 1248 exitum?
412 1189 450 1246 In
471 1207 530 1264 quo
553 1189 577 1245 si
598 1206 658 1246 non
679 1207 811 1264 praesens
831 1189 1107 1265 periculu1n,at10

177 1275 257 1328 certe
285 1269 451 1344 longinqua
472 1269 635 1326 obsidione
664 1269 759 1326 fames
787 1276 868 1327 esset
900 1270 1056 1345 pertimes-

177 1350 278 1408 cenda

217 1433 263 1488 30.
286 1429 355 1486 Hac
370 1428 400 1485 in
415 1433 573 1503 utramque
588 1433 705 1503 partem
720 1428 924 1503 disputatione
940 1428 1052 1500 habita,

177 1527 246 1567 cum
261 1526 279 1566 a
291 1508 382 1566 Cotta
391 1509 556 1584 primisque
568 1508 724 1565 ordinibus
736 1508 843 1566 acriter
854 1509 1052 1579 resisteretur,

178 1595 195 1619 ‘⁴
205 1589 356 1659 Vincite,”
381 1588 487 1662 inquit,
512 1587 564 1644 “si
594 1588 637 1644 ita
655 1588 781 1658 ·vultis,’'
805 1587 944 1657 Sabinus,
969 1595 1001 1647 ct
1023 1589 1052 1645 id
1070 1589 1105 1645 15

177 1669 301 1737 clariore
324 1686 404 1738 voce,
429 1674 463 1725 ut
487 1685 600 1742 magna
627 1685 698 1742 pars
726 1668 858 1725 militum
882 1669 1053 1726 exaudiret:

178 1754 302 1823 “neque
323 1748 350 1805 is
371 1749 468 1817 sum,⁷⁷
481 1747 590 1821 inquit,
607 1747 684 1822 “qui
706 1748 885 1821 gravissime
910 1767 947 1806 ex
968 1749 1054 1806 vebis

178 1829 284 1886 mortis
298 1827 429 1903 periculo
444 1834 574 1884 terrear:
597 1826 626 1883 hi
643 1828 780 1903 sapient;
802 1829 827 1884 si
843 1829 968 1902 gravius
982 1827 1054 1904 qnid

178 1907 328 1978 acciderit,
345 1908 399 1964 abs
420 1914 450 1965 te
472 1908 621 1964 rationem
642 1913 812 1982 reposcent:
835 1908 895 1982 qui,
912 1909 938 1966 si
956 1914 1053 1984 perte

177 1989 275 2058 liceat,
285 1987 448 2063 perendino
462 1988 510 2044 dic
522 2005 589 2044 cum
604 1987 749 2061 proximis
761 1986 894 2044 hibernis
905 1987 1053 2062 conjuncti
1070 1988 1107 2045 20

178 2085 368 2125 communem
383 2085 450 2124 cnm
465 2066 590 2141 reliquis
606 2066 674 2123 belli
689 2084 793 2124 casum
808 2068 988 2136 sustineant,
1002 2086 1056 2126 nec

177 2148 278 2221 rejecti
293 2152 325 2204 ct
336 2147 462 2222 relegati
477 2147 567 2221 longe
580 2147 617 2203 ab
632 2147 739 2204 ceteris
751 2152 804 2203 ant
818 2146 895 2206 ferro
910 2153 963 2204 aut
975 2147 1054 2206 fame

178 2228 356 2286 intereant.''

211 2311 257 2366 31.
271 2307 473 2381 Consurgitur
481 2325 518 2363 ex
527 2305 665 2379 consili03
681 2306 1058 2382 comprehenduntutrum-

179 2406 236 2462 que
251 2394 283 2445 ct
304 2395 452 2456 erantne
475 2404 530 2443 sua
551 2386 741 2443 dissensione
762 2393 792 2443 ct
805 2387 971 2462 pertinacia
991 2405 1055 2444 rem
1071 2387 1108 2444 25

179 2468 208 2524 in
224 2485 376 2524 summum
390 2466 556 2540 periculum
577 2466 745 2523 deducant:
766 2465 884 2523 facilem
901 2484 967 2524 esse
982 2484 1053 2537 rem,

179 2564 233 2603 seu
261 2552 411 2614 maneant,
441 2563 494 2602 seu
522 2539 758 2620 proficiscantur,
788 2546 813 2602 si
841 2547 931 2603 medo
962 2564 1056 2603 unum

179 2645 283 2684 omncs
306 2627 439 2684 sentiant
460 2643 494 2682 ac
517 2626 662 2699 probent,
684 2630 788 2682 contra
812 2625 843 2682 in
868 2626 1055 2683 dissensione

180 2706 292 2763 nullam
309 2724 341 2762 se
357 2707 486 2762 salutem
501 2705 678 2779 perspicere.
721 2704 785 2761 Res
796 2704 1001 2780 disputatione
1017 2706 1056 2762 ad

180 2786 309 2842 mediam
337 2791 456 2842 noctem
492 2785 672 2858 perducitur.
716 2784 852 2842 Tandem
882 2785 936 2843 dat
965 2784 1057 2843 Cotta
1071 2787 1108 2843 30

180 2872 335 2938 permotus
356 2881 482 2937 manns;
512 2871 634 2938 superat
655 2865 806 2921 sententia
829 2863 943 2922 Sabini.
986 2864 1059 2922 Pro·

180 2945 342 3002 nunciatur
368 2945 467 3018 prima
491 2943 556 3000 luce
585 2944 698 3000 ituros:
727 2945 915 3001 consumitur
943 2943 1057 3017 vigiliis

180 3025 296 3099 reliqua
310 3041 382 3098 pars
403 3023 509 3092 noetis,
526 3041 594 3080 cum
616 3041 671 3080 sua
686 3023 812 3098 quisque
828 3024 915 3080 miles
936 3023 1058 3080 circum-

180 3105 316 3180 spiceret,
333 3103 405 3178 quid
427 3121 527 3160 seeum
549 3109 667 3176 portare
681 3108 792 3176 posset,
808 3103 879 3178 qnid
898 3121 936 3160 ex
950 3103 1059 3160 instru-

180 3189 283 3240 mento
312 3183 504 3240 hibernorum
532 3183 699 3258 relinquere
728 3189 892 3255 cogeretur.
947 3181 1058 3240 Omnia
1072 3183 1108 3241 35

179 3263 400 3338 excogitantur,
417 3281 507 3337 quare
530 3279 584 3319 nec
607 3264 671 3319 sine
693 3261 825 3336 periculo
848 3268 1007 3319 maneatur
1027 3267 1058 3320 et

179 3341 326 3416 languore
354 3342 483 3398 militum
512 3346 542 3397 et
566 3342 681 3416 vigiliis
709 3341 873 3414 perieulum
902 3347 1056 3416 augeatur.

180 3421 285 3479 Prima
307 3421 373 3477 luce
394 3421 438 3478 sic
460 3438 496 3477 ex
519 3422 627 3478 castris
648 3420 883 3495 proficiscuntur,
899 3427 934 3477 ut
947 3422 1057 3496 quibus

179 3507 262 3560 esset
275 3517 452 3576 persuasum
474 3517 534 3556 non
556 3501 594 3556 ab
609 3499 704 3575 hoste,
722 3499 775 3556 sed
797 3499 835 3557 ab
850 3500 971 3557 homine
986 3501 1058 3557 ami·
