2524 3776
136 275 172 356 l2
399 310 445 356 nu
470 309 591 356 sunno
618 309 792 357 satureo

225 461 249 516 6.
273 457 370 516 Erant
394 460 516 517 omuino
541 459 651 516 itinera
679 460 747 529 duo,
770 459 878 534 qulbus
903 458 1074 517 itineribus

183 537 273 595 domo
287 539 367 596 exire
380 545 524 614 possent:
546 557 639 596 unum
653 556 706 614 per
718 538 882 614 Sequanos,
896 544 1058 612 angustum

190 623 221 674 et
236 617 363 686 difficile,
378 618 457 676 inter
478 623 612 676 montem
634 619 742 676 Juram
764 623 796 675 et
817 617 927 675 flumen
939 618 1061 676 Rhoda

183 713 264 767 num,
280 698 331 754 vix
345 715 405 772 qua
420 697 531 772 singuli
546 698 621 756 carri
637 699 834 772 ducerentur;
856 715 943 755 mous
958 705 1059 756 autem

149 780 167 837 5
183 775 352 834 altissimus
374 777 575 851 impendebat,
592 783 626 834 ut
641 778 726 835 facile
747 777 888 854 perpauci
902 778 1059 854 probibere

182 863 323 929 possent:
355 856 485 913 alterum
509 875 562 930 per
586 858 773 931 provinciam
796 863 940 927 nostram,
963 857 1059 914 multo

182 935 300 992 facilius
316 942 405 1010 atque
427 937 608 1010 expeditius
624 944 783 1012 propterea
798 937 878 1011 quod
892 936 971 994 iuter
985 936 1059 994 fines

182 1014 393 1072 Helvetiorum
409 1022 440 1072 et
454 1015 664 1091 Allobrogum,
677 1017 727 1091 qui
742 1033 837 1090 nuper
847 1016 947 1090 pacati
962 1023 1057 1087 erant,

181 1092 351 1151 Rhodanus
366 1094 438 1166 fluit,
451 1094 536 1170 isque
552 1096 705 1153 nonnullis
719 1095 793 1153 locis
808 1094 888 1152 vado
902 1096 1056 1152 transitur.

131 1176 166 1232 10
182 1172 359 1230 Extremum
382 1174 524 1248 oppidum
547 1175 749 1248 Allobrogum
768 1181 815 1231 est
829 1174 1058 1250 proximumque

181 1250 394 1310 Helvetiorum
416 1253 524 1311 finibus
547 1254 679 1313 Genera.
723 1254 771 1310 Ex
793 1271 828 1310 eo
850 1254 960 1328 oppido
981 1271 1057 1329 pons

180 1331 219 1388 ad
242 1331 401 1389 Helvetios
422 1340 488 1407 pert
476 1333 560 1391 t.inet
603 1333 821 1424 Allobrogibus
842 1349 908 1390 sese
928 1332 974 1390 vel
995 1351 1057 1408 per-

181 1427 332 1482 suasuros
358 1412 437 1486 quod
466 1413 598 1470 noudum
626 1413 704 1470 bono
730 1413 832 1470 animo
857 1412 888 1468 in
911 1411 1056 1502 populum

180 1489 352 1547 Romanum
368 1491 548 1561 viderentur,
565 1492 798 1565 existimabant3
821 1491 868 1549 vel
890 1492 919 1547 vi
940 1499 1056 1549 coactu

87 1639 89 1645 Α
129 1555 164 1628 ld
179 1584 238 1639 ros,
254 1576 288 1626 ut
302 1588 354 1644 per
369 1586 440 1628 suos
455 1570 528 1628 fines
549 1588 601 1628 eos
620 1571 663 1628 ire
684 1577 865 1645 paterentur
909 1569 1057 1628 Omnibus

179 1615 268 1706 rebus
283 1650 321 1706 ad
335 1649 551 1723 profectionem
565 1650 756 1726 comparatio,
772 1650 852 1708 diem
868 1649 979 1720 dicunt,
995 1668 1056 1724 qua

179 1728 227 1785 die
250 1729 287 1786 ad
309 1729 406 1804 ripam
428 1729 572 1786 Rhodani
594 1747 699 1787 omnes
720 1729 919 1786 conveniant:
944 1729 971 1785 is
991 1729 1056 1786 dies'

179 1813 246 1865 erat
269 1814 339 1864 aute
364 1807 444 1864 diem
469 1809 609 1883 quintum
632 1809 790 1866 Kalendas
812 1808 937 1884 Aprilis,
960 1807 1056 1866 Lucio

180 1885 301 1956 Pisone,
318 1887 400 1944 Aulo
416 1886 547 1945 Gabinio
561 1888 741 1946 oonsulibus.

127 1967 163 2022 20
220 1966 243 2026 l.
269 1965 382 2025 Oaesari
404 1983 471 2023 oum
492 1967 522 2024 id
540 1968 715 2024 nunciatum
738 1973 826 2036 esset,
842 1984 895 2023 eos
916 1983 969 2041 per
989 1983 1056 2040 pro-

179 2044 310 2102 vinciam
325 2051 461 2103 nostram
475 2046 533 2103 iter
548 2047 643 2104 facere
658 2046 767 2115 conari,
780 2052 915 2103 maturat
929 2047 968 2102 ab
983 2046 1055 2102 urbe

178 2124 331 2199 proficisci,
344 2131 375 2182 et
389 2143 478 2199 quam
493 2126 634 2182 maximis
649 2133 702 2200 pot
691 2131 751 2182 test
762 2093 949 2193 itineribus,
941 2143 972 2180 rn
989 2125 1057 2182 Gal·

178 2202 249 2260 liam
264 2204 309 2261 ult
297 2205 436 2262 teriorem
458 2206 613 2262 contendit
628 2212 659 2262 et
674 2207 710 2262 ad
732 2204 887 2263 Genavam
909 2205 1054 2278 pervenit

179 2277 346 2342 Prouinciae
361 2284 418 2340 toti
439 2302 530 2358 quam
552 2286 716 2342 maximum
739 2302 777 2358 po
780 2289 841 2341 test
856 2283 986 2340 militum
1005 2301 1057 2340 nu-

126 2362 162 2418 25
178 2381 292 2420 merum
319 2364 445 2437 imperat
471 2363 552 2440 (erat
576 2364 697 2422 omnino
725 2364 755 2420 in
786 2363 885 2422 Gallia
913 2363 1055 2420 ulteriore

176 2440 257 2516 legio
282 2449 375 2518 una);
405 2450 536 2518 pontem,
561 2445 611 2518 qui
636 2449 702 2500 erat
724 2443 762 2500 ad
784 2442 948 2511 Geuevam,
969 2443 1057 2514 jubet

177 2522 314 2579 rescindi.
359 2522 419 2579 Ubi
442 2524 478 2580 de
503 2525 568 2596 ejus
594 2523 728 2580 adventu
753 2521 888 2578 Helvetii
913 2521 1054 2578 certiores

178 2600 249 2658 facti
278 2607 357 2671 sunt,
378 2601 497 2676 legatos
527 2603 564 2659 ad
592 2619 662 2659 eum
690 2602 825 2669 mittunt,
852 2600 1055 2657 nobilissimos

177 2681 319 2751 civitatis,
342 2683 427 2754 cujus
448 2682 611 2755 legationis
633 2681 781 2738 Nameius
802 2685 833 2737 et
851 2679 1056 2737 Verudoctius

124 2757 161 2814 30
174 2760 337 2834 prinoipem
359 2761 457 2816 locum
479 2761 665 2830 obtinebant,
681 2761 734 2835 qui
753 2760 894 2829 dicerent,
911 2759 968 2815 sibi
988 2777 1056 2816 esse

175 2839 207 2895 in
232 2840 334 2896 animo
360 2839 423 2896 sine
448 2839 511 2896 ullo
536 2839 681 2898 maleficio
710 2840 767 2896 iter
790 2855 843 2913 per
867 2837 1056 2913 provinciam

176 2918 282 2989 facere,
297 2926 458 2994 propterea
478 2920 558 2993 quod
580 2919 662 2977 aliud
683 2919 741 2976 iter
762 2918 909 2976 haberent
923 2917 1055 2974 nullum:

176 3015 290 3071 rogare,
303 3003 336 3054 ut
344 2999 408 3070 ejus
421 2998 577 3056 voluntate
589 2999 619 3057 id
632 2999 686 3056 sibi
700 2999 796 3056 facere
808 2997 905 3054 liceat.
944 2995 1054 3066 Caesar,

176 3077 256 3151 quod
278 3077 425 3134 memoria
439 3079 563 3135 tenebat
585 3079 713 3136 Lucium
737 3077 879 3135 Cassium
901 3076 1054 3133 consulem

124 3153 160 3210 35
176 3156 313 3226 occisum,
330 3157 551 3232 exercitumque
573 3160 637 3231 ejus
658 3157 696 3214 ab
717 3156 869 3214 Helvetiis
890 3155 1010 3229 pulsum
1025 3161 1054 3212 et

176 3236 232 3291 sub
256 3237 365 3310 jugum
395 3237 530 3307 missum,
567 3237 789 3294 concedendum
820 3252 879 3290 non
907 3235 1054 3309 putabat:

176 3331 271 3388 neque
284 3315 421 3373 homines
432 3316 553 3374 inimico
568 3316 677 3386 animo,
690 3316 762 3373 data
774 3315 917 3371 facultate
929 3332 982 3388 per
991 3331 1055 3389 pro

176 3393 306 3450 vinciam
321 3395 438 3452 itineris
457 3395 592 3466 faciendi,
610 3401 832 3471 temperaturos
849 3395 886 3450 ab
901 3394 1011 3468 inJ'uria
1025 3399 1054 3452 el

175 3471 321 3531 maleficio
348 3474 551 3532 existimabat.
595 3475 720 3546 Tamen,
745 3480 780 3530 ut
804 3474 938 3548 spatium
966 3473 1056 3531 lutor-
