2524 3776
181 266 221 335 18
456 283 502 331 nn
528 283 648 331 annno
675 283 850 331 aarum).

232 436 303 506 sint,
320 435 475 496 Gallorum
497 452 587 509 quam
609 434 816 491 Romanorum
839 434 966 510 imperia
980 433 1125 508 pratens.

231 531 328 591 neque
343 517 481 573 dubitare
496 515 635 584 debeant,
652 514 734 588 quin,
751 514 776 571 si
793 513 954 570 Helvetios
969 531 1126 588 superave-

231 595 292 652 rint
307 594 448 664 Romani,
464 613 525 652 una
547 612 614 652 curn
636 593 751 668 reliqua
768 593 868 652 Gallia
882 593 993 651 AEduis
1008 593 1126 651 liberta-

231 679 293 732 tem
315 674 376 732 sint
397 675 536 749 erepturi.
580 674 631 731 Ab
655 675 763 730 iisdem
778 680 883 731 nostra
898 673 1033 743 consilia,
1050 691 1126 748 qnae·

198 761 216 818 5
232 753 333 830 quein
349 755 458 812 castris
473 760 625 828 gerantur,
642 753 781 811 hostibus
796 753 968 810 enunciari:
991 753 1046 810 hos
1061 771 1080 810 a
1094 769 1125 810 se

231 834 355 891 coerceri
371 851 431 890 non
446 850 543 907 posse.
575 834 655 907 Quin
670 833 771 902 etiam,
784 833 864 908 quod
880 833 1048 891 necessario
1063 849 1125 890 rem

231 919 352 971 coactus
368 912 479 971 Caesari
495 914 672 984 enunciarit,
689 913 859 988 intelligere
875 931 949 984 sese,
966 919 1080 988 quanto
1095 911 1126 974 id

231 1010 299 1051 curn
320 993 454 1068 periculo
475 992 589 1064 fecerit,
605 999 637 1051 at
660 992 698 1050 ob
721 1011 788 1050 eam
813 1011 945 1064 causam,
962 1010 1051 1068 quam
1073 992 1125 1050 (liu

231 1073 372 1147 potuerit,
388 1072 551 1130 tacuisse.’'

181 1159 216 1216 10
273 1153 316 1210 18.
340 1152 443 1212 Caesar
465 1152 521 1210 hac
536 1153 669 1210 oratione
686 1151 770 1210 Lisci
792 1151 1023 1226 Dumnorigem,
1041 1151 1126 1210 Divi·

231 1232 303 1290 tiaci
317 1233 449 1305 fratrem,
460 1232 613 1306 designari
628 1232 798 1290 sentiebat:
821 1232 882 1304 sed,
892 1232 972 1308 quod
987 1231 1126 1308 pluribus

230 1313 431 1388 praesentibus
460 1330 512 1370 eas
539 1330 587 1370 res
611 1313 719 1386 jactari
748 1313 882 1383 nolebat,¹
903 1312 1039 1370 celeriter
1060 1329 1127 1372 con·

231 1392 332 1450 cilium
354 1393 488 1464 (limittit,
511 1392 637 1450 Liscum
658 1392 785 1449 retinet:
807 1393 916 1467 quaerit
937 1411 974 1450 ex
995 1392 1059 1450 solo
1081 1410 1124 1461 ea,

230 1490 296 1547 quae
310 1473 341 1529 in
353 1479 505 1531 conventu
519 1474 644 1531 dixerat.
689 1471 773 1530 Dicit
793 1472 917 1530 liberius
932 1478 1022 1547 atquc
1038 1473 1126 1530 auda·

180 1555 216 1614 15
230 1552 303 1610 cius.
347 1553 464 1611 Eadem
487 1559 602 1612 secreto
626 1551 664 1609 ab
688 1548 755 1609 aliis
778 1553 905 1627 quaerit,
927 1553 1037 1628 reperit
1059 1570 1126 1610 esse
1198 1577 1202 1586 ·

231 1650 310 1692 vera.
381 1633 486 1709 Ipsum
508 1651 575 1691 essa
597 1633 827 1707 Dumnorigem,
851 1650 970 1690 summa
991 1632 1125 1704 audacia,

230 1730 344 1788 magna
367 1713 448 1789 apud
476 1713 594 1789 plebem
622 1718 745 1788 propter
773 1713 988 1772 liberalitatem
1017 1713 1125 1788 gratia,

230 1793 373 1868 cupidum
385 1809 484 1850 rerum
499 1809 662 1851 novarum:
685 1793 853 1868 complures
876 1811 972 1851 annos
991 1793 1125 1869 portoria

231 1873 406 1948 reliquaque
421 1872 524 1930 omnia
538 1873 709 1932 AEduorum
725 1873 889 1948 vectigalia
914 1891 1008 1948 parvo
1028 1873 1126 1948 pretio

173 1955 216 2011 Ι20
231 1952 387 2027 redempta
398 1950 518 2023 habere,
530 1959 689 2028 propterea
710 1954 791 2028 quod
814 1953 866 2010 illo
891 1953 999 2011 licente
1022 1957 1125 2010 contra

231 2032 314 2090 liceri
330 2033 442 2090 audeat
455 2049 552 2091 nemo.
591 2032 651 2090 His
666 2033 755 2090 rebus
770 2041 801 2090 ct
816 2051 903 2090 suam
919 2051 981 2091 rern
997 2032 1125 2090 familia-

231 2129 293 2170 rem
319 2112 439 2170 auxisse
470 2120 501 2170 et
523 2112 684 2170 facultates
712 2113 751 2170 ad
780 2112 969 2188 largiendum
986 2118 1125 2187 'magnas

231 2209 438 2268 comparasse:
456 2211 599 2268 magnum
615 2211 774 2250 numerum
785 2194 940 2270 equitatus
949 2199 1125 2268 suosunrptu

232 2280 351 2348 semper
365 2273 443 2330 alere
456 2280 486 2330 et
498 2273 609 2330 circum
625 2291 657 2330 se
670 2272 798 2330 habere:
814 2291 911 2348 neque
923 2272 1021 2330 solum
1033 2271 1124 2343 domi,

179 2353 216 2410 ab
232 2353 285 2410 sed
310 2353 403 2411 etiam
429 2353 508 2426 apud
530 2352 675 2410 finitimas
697 2353 839 2410 civitates
865 2352 991 2428 largiter
1017 2369 1124 2428 posse:

231 2437 322 2507 atque
343 2431 432 2507 hujus
452 2434 594 2508 potentiae
609 2450 700 2490 causa
721 2439 850 2489 matrem
871 2433 904 2489 in
925 2431 1115 2506 Biturigibus

232 2510 346 2568 homini
361 2512 423 2569 illic
437 2512 628 2570 nobilissimo
651 2531 685 2570 ac
705 2513 919 2587 potentissimo
944 2512 1124 2570 collocasse:

230 2590 329 2666 ipsum
341 2609 378 2648 ex
389 2592 542 2650 Helvetiis
554 2611 675 2650 uxorem
689 2593 814 2650 habere:
830 2610 963 2650 sororem
978 2610 1015 2649 ex
1029 2597 1125 2648 matra

231 2676 262 2728 et
282 2671 467 2747 propinquas
489 2691 560 2730 suas
582 2679 710 2747 nuptum
733 2673 764 2728 in
786 2671 862 2729 alias
883 2672 1024 2730 civitates
1039 2671 1127 2728 collo·

179 2753 217 2813 80
232 2768 336 2809 casse:
359 2751 460 2809 favere
475 2759 506 2809 et
520 2771 628 2829 cupere
645 2752 798 2810 Helvetiis
816 2758 939 2826 propter
953 2769 1019 2808 eam
1035 2750 1127 2807 affini·

231 2839 341 2892 tatem:
365 2833 465 2890 odisse
480 2833 574 2890 etiarn
596 2850 651 2890 suo
666 2832 786 2889 nomine
796 2830 953 2888 cesarem
969 2837 999 2888 et
1014 2831 1127 2888 Roma·

233 2930 297 2983 nos,
314 2913 394 2988 quod
409 2930 511 2970 eorum
527 2913 658 2970 adventu
682 2910 821 2986 potentia
836 2912 900 2984 ejus
914 2911 1077 2980 deminuta,
1094 2915 1126 2967 et

232 2993 403 3051 Divitiacus
426 2992 518 3049 frater
541 2993 572 3048 in
598 2993 755 3067 antiquum
778 2991 877 3050 locum
903 2992 1010 3065 gratia
1035 2996 1126 3065 atque

232 3072 355 3131 honoris
379 3073 418 3129 sit
442 3073 609 3129 restitutus
663 3071 694 3129 Si
723 3071 797 3147 quid
827 3071 944 3130 accidat
967 3070 1125 3136 Romanis,

179 3157 215 3214 35
232 3169 382 3210 sumniam
411 3151 443 3208 in
472 3169 555 3225 spem
583 3169 636 3225 per
665 3151 826 3210 Helvetios
854 3152 940 3227 regni
970 3150 1124 3208 obtinendi

232 3233 351 3304 venire3
372 3231 498 3305 imperio
520 3231 623 3304 populi
640 3231 774 3288 Romani
789 3249 850 3288 non
865 3232 955 3289 modo
970 3232 1006 3289 de
1020 3248 1122 3305 regno,

234 3313 288 3372 sari
315 3313 408 3371 ctiam
434 3312 471 3370 de
497 3329 541 3382 ea,
564 3328 654 3386 quam
682 3310 801 3378 habeat,
829 3326 862 3383 gr
873 3309 930 3367 itia
956 3309 1113 3384 desperare

234 3392 418 3468 Reperiebat
432 3392 525 3450 etiarn
539 3391 570 3447 in
585 3390 745 3465 quaerendo
762 3388 873 3459 Cacsar,
889 3388 970 3464 quod
985 3390 1122 3463 proeliunr

234 3479 372 3550 equestre
389 3471 550 3529 adversum
565 3469 669 3545 paucis
690 3477 760 3527 aute
775 3468 882 3526 diebus
896 3475 979 3527 esset
999 3469 1122 3542 factum,
