2524 3776
434 292 548 340 mnne
572 290 778 340 sneuunus.
1030 271 1073 340 47

130 442 248 520 liasqne
270 443 409 520 perferre,
433 449 466 502 et
494 443 532 502 ab
554 442 666 501 AEduis
687 441 833 500 defecisse
853 445 886 499 et
908 439 1020 517 populo

132 525 276 584 Romano
298 524 411 581 bellum
434 524 581 583 intulisse.
626 521 686 596 Qui
707 520 796 595 hujus
810 520 928 579 consilii
942 520 1021 596 prin·

133 604 214 680 cipes
239 604 375 674 inissent,
400 603 480 679 quod
502 603 707 678 intelligerent
730 608 875 676 quantem
900 599 1021 658 calami-

135 690 230 741 tatem
246 684 362 741 civitati
378 683 561 752 intulissent,
577 683 608 739 in
629 681 821 740 Britanniam
835 680 1016 757 profugisse.

134 763 242 822 Petere
270 781 331 821 non
354 763 453 821 solum
477 762 666 832 Bellovacos,
689 761 743 819 sed
770 759 865 818 etiem
892 778 945 837 pro
969 759 1018 818 his
1053 761 1071 818 5

134 843 265 914 AEduce,
290 849 325 900 ut
349 860 406 900 sua
420 843 582 901 clementia
597 860 631 900 ac
654 840 886 898 mansuetudine
913 840 1019 897 ineos

134 930 248 981 utatur.
293 923 381 996 Quod
410 922 436 980 si
464 922 576 991 iecerit,
603 921 773 979 AEduornm
805 920 1018 979 auctoritatem

135 1004 214 1078 apud
225 1020 330 1060 omnes
340 1003 453 1078 Belgae
465 1001 715 1079 amplificaturum
728 1021 735 1074 3
758 1018 885 1075 quornm
896 999 1018 1058 auxiliis

135 1090 227 1159 atque
256 1082 372 1159 opibus,
402 1083 428 1140 si
455 1101 516 1159 qua
543 1081 623 1139 belle
650 1080 820 1152 inciderint,
845 1085 1018 1138 sustentare

136 1163 343 1221 consuerint.''
1033 1159 1067 1216 10

179 1245 223 1301 15.
249 1242 352 1301 Caesar
373 1241 495 1300 honoris
506 1240 650 1299 Divitieci
666 1239 939 1317 etqueAEduorum
951 1257 1019 1298 cau·

31 1391 34 1396 ,
133 1339 170 1380 sa
195 1340 261 1380 sese
281 1340 334 1380 eos
348 1323 380 1379 in
395 1322 482 1380 iidem
499 1328 690 1397 recepturum
711 1326 742 1378 et
769 1328 1021 1378 conservaturum

133 1402 227 1461 dixit:
251 1403 331 1478 qnod
359 1408 424 1459 erat
448 1401 558 1460 civitas
582 1419 696 1475 magna
718 1401 797 1459 inter
818 1400 931 1475 Belgas
951 1418 1018 1458 auc-

134 1483 261 1540 toritate
284 1488 373 1558 atque
389 1481 544 1540 hominum
559 1481 753 1539 multitudine
767 1481 942 1557 prestabat,
954 1497 1017 1538 sex·

135 1569 241 1620 centos
256 1563 377 1620 obsides
397 1562 540 1638 poposcit.
586 1561 645 1619 His
666 1561 788 1619 traditis
818 1558 1015 1636 omnibusque
1034 1560 1069 1618 15

134 1642 229 1700 armis
241 1659 278 1699 ex
290 1642 399 1719 oppido
411 1641 539 1710 collatis,
553 1643 590 1698 ab
601 1659 636 1698 eo
648 1641 713 1698 loce
722 1641 758 1698 ¹in
770 1640 843 1698 fines
853 1639 1018 1698 Ambiano-

134 1739 202 1779 rum
213 1723 358 1798 pervcnit‚
371 1722 421 1797 qni
437 1739 468 1779 se
484 1739 598 1797 suaque
608 1721 711 1778 omnia
725 1721 789 1779 sine
804 1738 890 1778 mora
900 1720 1019 1778 dedide-

136 1807 215 1860 runt.
259 1801 373 1859 Eorum
389 1801 463 1867 lines
480 1801 585 1859 Nervii
606 1801 817 1876 attingebant:
838 1817 965 1875 qnorum
980 1800 1017 1856 de

135 1888 245 1938 natura
259 1882 451 1957 moribusque
464 1881 567 1939 Oaesar
581 1899 648 1938 cum
667 1886 821 1956 quareret,
832 1881 875 1938 sic
893 1880 1019 1955 reperie-

135 1962 204 2019 bat:
245 1960 372 2018 Nullum
385 1961 499 2019 aditum
510 1979 576 2018 esse
587 1961 624 2018 ad
634 1979 686 2018 eos
696 1961 925 2019 mercatoribus:
942 1959 1015 2017 nihil
1033 1961 1070 2018 20

134 2041 199 2118 pati
221 2040 284 2098 vini
309 2041 554 2117 reliquarumque
576 2059 675 2098 rerum
698 2041 736 2098 ad
757 2041 908 2098 luxuriem
929 2039 1019 2115 pcrti-

135 2121 272 2178 nentium
294 2120 405 2191 inferri,
421 2121 501 2196 quod
523 2121 570 2178 bis
591 2122 680 2178 rebus
701 2121 927 2196 relanguescere
957 2119 1016 2177 ani-

136 2218 203 2258 mos
217 2206 249 2258 et
262 2201 377 2258 remitti
393 2201 535 2258 virtutem
551 2201 775 2259 existimarent:
797 2218 863 2258 esse
880 2200 1019 2258 homines

135 2280 215 2338 ieros
230 2298 408 2357 mognaeqne
424 2280 561 2339 virtutis:
582 2281 760 2356 increpitare
776 2287 866 2356 etque
881 2280 1019 2337 incusare

135 2360 399 2436 reliquosBelgas,
415 2360 466 2435 qui
487 2378 519 2418 se
540 2361 651 2437 populo
669 2361 809 2418 Romano
830 2361 1020 2418 dedidissent
1035 2359 1072 2416 25

135 2440 326 2517 patriamque
347 2441 491 2498 virtutem
512 2440 724 2515 projecissent:
753 2440 927 2498 confirmare
953 2457 1019 2497 sese

137 2538 234 2595 neque
256 2520 374 2595 legatos
398 2521 544 2578 missuros
577 2538 672 2596 neque
696 2521 790 2578 ullam
814 2520 1020 2578 conditionem

134 2599 222 2676 pacis
238 2605 422 2675 accepturos.

180 2682 223 2738 16.
248 2679 327 2738 (lum
349 2697 402 2755 per
423 2697 525 2736 eornm
553 2679 627 2737 lines
648 2680 783 2737 triduum
809 2679 866 2737 iter
887 2679 1017 2748 fecisset,

137 2759 313 2816 inveniebat
327 2777 364 2816 ex
378 2759 508 2833 captivis
532 2759 637 2818 Sabim
653 2759 763 2817 flumen
779 2760 818 2816 ab
832 2759 940 2818 castris
955 2759 1019 2816 suis
1034 2763 1072 2819 30
1152 2824 1156 2832 ,

137 2857 197 2897 non
214 2839 344 2914 amplius
366 2839 452 2896 milia
472 2857 617 2912 passuum
630 2839 733 2896 decem
748 2841 870 2897 abesse:
892 2845 977 2897 trans
989 2839 1019 2898 id

137 2917 249 2976 flumen
265 2935 370 2976 omnes
386 2918 514 2976 Nervios
535 2919 708 2976 consedisse
733 2920 955 2994 adventumque
976 2919 1018 2976 ibi

138 2999 347 3056 Romanorum
372 3005 546 3072 exspectare
572 3017 634 3056 una
661 3016 729 3056 cum
760 2999 960 3056 Atrebatibus
988 3005 1019 3056 et

137 3077 372 3146 Veromanduis,
389 3077 526 3135 finitimis
547 3079 611 3135 suis
628 3086 713 3153 (nam
736 3077 784 3136 his
805 3080 941 3154 utrisque
955 3096 1020 3154 per-

138 3163 307 3222 suaserant,
323 3157 368 3214 uti
383 3157 510 3214 eandem
531 3158 601 3215 belli
616 3158 768 3215 fortunam
778 3158 1017 3236 experirentur):
1034 3161 1071 3217 35

136 3236 309 3313 exspectari
321 3237 412 3294 etiem
425 3237 462 3294 ab
478 3236 525 3294 his
547 3239 777 3295 Aduatucorum
798 3239 900 3313 copias
926 3245 1018 3312 atque

136 3335 204 3374 esse
228 3317 260 3374 in
288 3317 412 3374 itinere:
442 3317 592 3388 mulieres,
615 3319 725 3393 quique
750 3335 802 3392 per
830 3323 953 3376 etatem
981 3317 1018 3376 ad

137 3413 273 3472 pugnam
285 3396 409 3454 inutiles
418 3397 601 3466 viderentur,
613 3397 644 3454 in
655 3414 723 3454 eum
734 3398 832 3455 locum
843 3398 1014 3472 conjecisse,

135 3481 334 3554 quopropter
348 3476 474 3551 paludes
489 3477 632 3534 exercitui
648 3477 750 3534 editus
765 3495 826 3534 non
840 3485 929 3536 esset
