2562 3770
201 299 264 366 184
481 317 527 365 nn
552 317 673 366 senno
699 317 873 368 GALLIGO.

250 471 434 542 campestres
457 466 641 526 munitiones
663 468 816 526 accedunt.
870 467 978 526 Subito
999 467 1129 526 clamore

250 546 379 617 sublato,
395 565 455 622 qua
476 547 695 622 significatione
717 548 769 623 qui
783 548 815 605 in
829 547 939 624 oppido
954 547 1129 605 obsideban-

249 631 300 683 tur
323 626 360 684 de
382 644 437 685 suo
458 627 590 685 adventu
612 644 791 703 cognoscere
806 633 938 702 possent,
954 632 1050 684 crates
1064 643 1129 700 pro·

250 705 349 778 jicere,
372 706 484 776 lundis,
507 707 640 782 sagittis,
666 707 817 782 lapidibus
840 711 961 764 nostros
985 706 1022 764 de
1047 705 1128 764 vallo

215 785 234 842 b
248 785 424 858 proturbare
438 786 620 862 reliquaque,
631 804 697 862 qne
712 787 750 844 ad
767 785 1024 862 oppugnationem
1038 785 1129 859 perti·

250 871 329 934 nent,
345 871 453 940 parant
468 865 687 924 administrare.
717 865 834 923 Eodem
847 871 983 940 tempore
997 864 1127 923 clamore

192 963 194 968 ·
248 944 392 1002 exaudito
417 944 470 1001 dat
484 946 558 1003 tuba
573 947 695 1020 signum
710 945 774 1002 suis
789 945 1021 1019 Vercingetorix
1035 949 1127 1018 atque

248 1041 285 1080 ex
300 1023 409 1100 oppido
423 1025 532 1083 educit.
576 1025 681 1083 Nostri
697 1030 731 1082 ut
745 1024 948 1100 superioribus
962 1023 1076 1093 diebus,
1092 1033 1127 1080 ut
1193 1021 1196 1026 '

247 1103 354 1177 cuique
378 1102 462 1161 loeus
486 1109 552 1161 erat
575 1104 748 1174 attributus,
775 1104 813 1162 ed
829 1103 1023 1168 ,munitiones
1046 1121 1127 1160 acee-

198 1181 233 1239 10
248 1183 343 1240 dunt:
364 1183 475 1254 fundis,
504 1183 654 1242 librilibus
675 1184 868 1259 sudibusque,
885 1201 961 1258 quas
982 1183 1014 1239 in
1036 1199 1126 1258 opere

247 1261 467 1338 disposuerant,
483 1282 518 1321 ac
540 1264 702 1338 glandibus
718 1263 822 1322 Gallos
835 1268 1012 1339 proterrent.
1054 1261 1127 1319 Pro·

248 1349 351 1416 spectu
380 1343 512 1401 tenebris
540 1344 683 1419 adempto
707 1343 804 1400 multa
826 1343 975 1417 utrimque
999 1341 1125 1398 vulnera

248 1421 449 1496 accipiuntur,
477 1423 630 1498 complura
650 1422 808 1480 temnentis
829 1422 891 1479 tela
917 1421 1123 1496 conjiciuntur.

248 1502 293 1559 At
306 1500 430 1559 Marcus
445 1503 599 1560 Antonius
613 1509 644 1560 et
657 1501 749 1561 (laius
765 1501 931 1560 Trebonius
946 1500 1048 1576 legati,
1062 1500 1125 1574 qui-

196 1579 232 1637 15
247 1581 303 1638 bus
323 1599 366 1638 aa
386 1587 487 1657 partes
509 1582 548 1639 ad
562 1581 781 1639 defendendum
797 1582 990 1645 obvenerant,
1005 1597 1066 1655 qua
1086 1596 1124 1636 ex

245 1665 330 1736 parte
345 1667 464 1719 nostros
479 1662 572 1735 premi
588 1662 805 1730 intellexerant,
815 1661 863 1718 his
875 1660 985 1717 auxilio
999 1677 1035 1716 ex
1050 1658 1125 1716 ulte·

247 1739 374 1797 rioribus
388 1740 523 1798 castellis
537 1741 683 1798 deductos
710 1739 935 1798 submittebant.

287 1823 331 1877 82.
355 1821 435 1877 Dum
451 1821 579 1898 longius¹
587 1821 624 1877 ab
638 1821 806 1878 munitione
819 1821 944 1877 aberant
955 1817 1043 1888 Galli,
1054 1818 1123 1894 plus

247 1899 441 1957 multitudine
463 1900 591 1957 telorum
611 1900 823 1976 proficiebant:
845 1905 1040 1974 posteaquam
1057 1914 1123 1971 pro·

194 1975 231 2033 20
245 1978 312 2052 pius
328 1989 543 2052 successerunt,
555 1986 607 2036 aut
622 1997 654 2036 se
670 1979 801 2036 stimulis
813 1979 1005 2054 inopinantes
1020 1977 1125 2034 indue·

113 2053 117 2061 '
246 2057 321 2114 baut
345 2058 452 2117 autin
475 2060 595 2116 scrobes
610 2059 703 2116 delati
717 2058 993 2116 transfodiebantur
1018 2062 1072 2114 aut
1085 2074 1123 2114 ex

246 2137 327 2194 vallo
348 2155 382 2195 ae
404 2139 536 2198 turribus
563 2139 717 2214 transjecti
742 2139 812 2213 pilis
833 2138 1001 2195 muralibus
1020 2137 1125 2193 interi·

247 2215 326 2290 bant.
379 2217 487 2275 Multis
515 2218 647 2293 undique
673 2217 846 2276 vulneribus
875 2217 1014 2292 acceptis,
1038 2215 1124 2273 nulla

245 2296 413 2354 munitione
427 2303 579 2372 perrupta,
589 2315 657 2354 curn
671 2298 724 2355 lux
738 2303 901 2374 appeteret,
912 2297 1009 2365 veriti,
1025 2313 1063 2352 ne
1085 2296 1124 2353 ab

194 2373 339 2432 asistere
356 2383 458 2451 aperto
479 2394 517 2434 ex
539 2376 743 2451 superioribus
765 2376 871 2434 castris
892 2376 1049 2451 eruptione
1070 2375 1124 2433 cir·

247 2456 497 2527 cumvenirentur,
523 2474 555 2514 se
581 2456 618 2514 ad
644 2473 714 2514 suos
738 2461 920 2530 receperunt.
977 2456 1023 2512 At
1048 2454 1124 2512 inte·

245 2535 348 2602 riores,
371 2536 443 2592 dum
465 2553 508 2604 ea,
530 2554 595 2610 quae
621 2555 638 2592 a
658 2537 907 2610 Vercingetorige
930 2535 967 2592 ad
992 2536 1124 2609 eruptio·

245 2632 312 2671 nem
348 2621 516 2690 praepareta
550 2622 644 2680 erant.
678 2617 842 2691 proferunt,
874 2615 987 2690 priores
1022 2613 1122 2672 fossas

244 2693 383 2768 explent3
412 2695 526 2752 diutius
548 2695 579 2751 in
600 2695 648 2752 his
669 2696 757 2752 rebus
787 2693 1035 2752 administrandis
1060 2711 1122 2751 mo·

193 2771 230 2828 80
246 2773 312 2842 rati,
348 2774 431 2848 prius
468 2791 540 2831 suos
575 2775 749 2832 discessisse
784 2779 1000 2848 cognoverunt,
1029 2790 1120 2847 quam

245 2852 460 2910 munitionibus
482 2855 763 2930 appropinquarent.
811 2853 861 2910 Ita
888 2871 919 2910 re
947 2852 1060 2910 iniecta
1088 2853 1120 2910 in

245 2931 388 3006 oppidum
402 2939 596 2992 reverterunt.

285 3015 330 3069 83.
353 3011 407 3068 Bis
422 3029 532 3087 magne
547 3030 614 3069 cum
627 3013 807 3070 detrimento
821 3011 932 3087 repulsi
949 3010 1037 3082 Galli,
1048 3011 1120 3087 quid

245 3097 346 3162 agant,
363 3092 540 3148 consulunt:
563 3093 695 3149 locorum
710 3093 822 3167 peritos
838 3091 999 3148 adhibent:
1021 3109 1059 3148 ex
1073 3091 1121 3149 his
1154 3149 1156 3152 .

192 3167 229 3224 35
245 3169 432 3240 superiorum
447 3176 612 3227 castrorum
636 3172 713 3229 situs
734 3171 976 3245 munitionesque
997 3187 1122 3246 cognos-

245 3253 323 3304 cunt.
367 3248 442 3304 Erat
463 3267 481 3305 a
502 3251 760 3323 septentrionibus
776 3250 869 3320 eolliS,
886 3267 976 3324 quem
996 3256 1121 3324 propter

244 3326 483 3398 magnitudinem
496 3329 637 3390 circuitus
649 3347 736 3404 opere
749 3330 950 3405 circumplecti
965 3346 1024 3385 non
1036 3335 1120 3404 potu·

244 3409 331 3458 erant
344 3406 456 3475 nostri3
478 3408 645 3464 necessario
660 3426 743 3481 paene
758 3409 861 3484 iniquo
876 3409 941 3466 loco
961 3414 992 3465 et
1013 3409 1119 3466 leniter

244 3479 353 3535 declivi
368 3487 467 3537 eastra
482 3483 621 3540 fecerant.
659 3486 733 3543 Haec
749 3487 843 3545 Caius
858 3487 1015 3545 Antistius
1030 3487 1118 3563 Regi·
