2524 3776
148 285 190 352 58
428 303 474 348 1111
499 301 621 350 nanno
647 303 823 351 cataroe.

201 452 358 525 acciderat,
370 459 405 510 ut
420 453 521 510 subito
536 453 617 512 Galli
631 453 701 511 belli
716 454 882 512 renovandi
896 454 1082 531 legionisque

203 534 408 609 opprimendae
443 533 602 591 consilium
638 539 795 608 caperent:
830 535 971 608 primum,
1001 536 1081 610 quod

203 613 362 688 legionem,
379 631 475 688 neque
497 631 563 670 cam
584 613 804 688 plenissimam,
820 615 966 672 detractis
981 614 1082 672 cohor·

202 693 285 750 tibus
307 693 425 750 duabus
450 699 481 749 et
501 693 706 767 compluribus
729 693 916 767 singillatim,
932 695 983 768 qui
1004 711 1082 752 com·

170 777 187 834 5
202 779 321 830 meatus
333 772 455 847 petendi
466 791 557 830 causa
567 773 653 830 missi
663 774 1081 848 erant,propterpaucitatem

202 853 423 927 despiciebant:
446 859 511 909 tum
532 853 634 923 etiam,
651 853 730 927 quod
753 859 874 928 propter
889 853 1080 927 iniquitatem

202 933 267 1002 loci,
284 950 352 990 cum
368 931 425 1008 ipsi
440 950 478 989 ex
491 933 646 989 montibus
668 933 698 989 in
714 933 824 990 vallem
839 933 1030 990 decurrerent
1050 941 1081 990 ct

202 1013 264 1070 tela
278 1013 467 1086 conjicerent,
484 1030 521 1069 ne
542 1011 673 1086 primum
688 1013 810 1086 quidem
831 1030 920 1088 posse
937 1013 1080 1087 impetum

203 1109 292 1149 suum
307 1092 449 1149 sustineri
464 1093 688 1149 existimabant.
714 1091 897 1160 Accedebat,
912 1093 992 1166 quod
1009 1110 1080 1150 suos

154 1181 188 1238 ιο
203 1172 241 1229 ab
250 1189 282 1228 se
294 1171 402 1228 liberos
414 1172 583 1229 abstractos
595 1171 732 1228 obsidum
745 1172 864 1229 nomine
876 1171 1034 1246 dolebant;
1049 1177 1080 1230 et

202 1250 360 1312 Romanos
374 1269 435 1308 non
450 1251 548 1308 solum
570 1251 710 1308 itinerum
727 1269 827 1318 causa,
844 1252 897 1308 sed
912 1251 1003 1308 etiam
1018 1269 1078 1326 per·

200 1338 298 1406 petuae
313 1331 515 1406 possessionis
530 1331 661 1388 culmina
673 1331 799 1404 Alpium
814 1349 957 1407 occupare
969 1333 1079 1402 conari,

201 1416 233 1467 et
247 1428 283 1468 ea
297 1411 363 1468 loca
378 1409 511 1468 finitima
525 1409 686 1485 provincia
701 1410 872 1486 adjungere,
889 1411 947 1468 sibi
961 1429 1081 1486 persua-

202 1507 269 1547 sum
292 1491 451 1548 habebant.
909 1505 911 1508 ·

152 1578 186 1635 15
242 1574 268 1629 3.
291 1570 351 1628 His
367 1570 488 1628 nunciis
511 1569 650 1645 acceptis,
668 1569 773 1639 Galba,
796 1588 863 1627 cum
885 1587 982 1644 neque
1003 1587 1080 1644 opus

202 1648 395 1708 hibernorum
427 1649 669 1724 munitionesque
694 1649 781 1724 plene
805 1656 908 1707 essent
931 1650 1079 1724 perfecta,

202 1747 299 1804 neque
316 1730 352 1787 de
367 1730 518 1786 frumento
533 1730 707 1804 reliquoque
723 1737 893 1787 commeatu
908 1730 984 1786 satis
999 1735 1080 1786 esset

202 1810 366 1885 provisum,
390 1809 470 1883 quod
493 1809 647 1866 deditione
677 1808 757 1866 sacta
789 1809 1005 1884 obsidibusque
1035 1828 1081 1867 ac-

203 1889 306 1965 ceptis,
323 1889 398 1945 nibil
415 1889 452 1946 de
474 1888 552 1945 bello
573 1889 740 1946 timendum
761 1889 997 1959 existimaverat,
1014 1907 1080 1946 cou-

150 1978 187 2034 20
203 1969 273 2027 silio
288 1969 424 2026 celeriter
439 1974 612 2038 convocato,
629 1969 796 2025 sententias
811 1969 966 2043 exquirere
980 1969 1077 2044 erepit.

204 2049 271 2122 Quo
288 2049 318 2104 in
339 2048 473 2117 consilio,
490 2066 558 2105 cum
572 2053 693 2104 tantum
708 2048 855 2124 repentini
870 2048 993 2122 periculi
1009 2066 1081 2124 prae·

202 2133 249 2184 ter
262 2129 434 2202 opinionem
449 2128 617 2198 accidisset,
634 2146 669 2184 11
685 2129 748 2201 jam
771 2127 946 2186 omniafere
969 2129 1080 2202 superi-

202 2224 254 2264 ora
268 2208 334 2266 loca
348 2208 541 2264 multitudine
557 2214 746 2264 armatorum·
763 2209 913 2283 completa
932 2208 1080 2282 conspice·

202 2289 315 2357 rentur,
344 2305 439 2362 neque
468 2287 604 2345 subsidio
633 2287 729 2344 veniri
767 2305 864 2361 neque
892 2293 1079 2345 commeatus

150 2374 187 2430 25
203 2367 373 2442 supportari
388 2367 558 2424 interclusis
576 2367 736 2424 itineribus
757 2372 890 2441 possent,
905 2385 997 2442 prope
1015 2369 1079 2441 jam

203 2446 362 2521 desperata
374 2447 479 2517 salute,
490 2447 641 2503 nonnullae
653 2445 826 2520 hujusmodi
839 2448 996 2504 sententia
1006 2447 1081 2504 diee-

202 2526 322 2598 bantur‚
346 2531 381 2583 ut
409 2526 632 2602 impedimentis
660 2527 782 2596 relictis,
808 2527 964 2601 eruptione
991 2527 1079 2595 facta,

201 2605 310 2663 iisdem
330 2606 496 2676 itineribus,
515 2606 623 2680 quibus
645 2624 681 2663 eo
701 2607 919 2681 pervenissent,
943 2607 981 2664 ad
1003 2606 1081 2664 salu-

201 2691 263 2743 tem
279 2686 502 2744 contenderent.
545 2685 654 2759 Majori
675 2690 778 2742 tamen
792 2687 871 2760 parti
887 2687 1008 2760 placuit,
1024 2686 1081 2743 hoc

149 2772 187 2830 30
202 2771 355 2824 reservato
371 2765 409 2822 ad
424 2771 590 2822 extremum
602 2765 736 2836 consilia,
749 2765 869 2822 interim
883 2766 927 2822 rei
938 2771 1080 2823 eventum

201 2846 329 2920 experiri
344 2850 376 2902 et
389 2851 489 2902 castra
503 2845 668 2904 defendere.

243 2928 268 2982 4.
293 2925 383 2982 Brevi
405 2925 505 2999 spatio
526 2924 689 2998 interjecto,
706 2924 758 2980 vix
772 2923 869 2980 uthis
889 2925 987 2993 rebus,
1004 2940 1081 2998 quas

202 3004 441 3073 constituissent,
479 3003 660 3060 collocandis
699 3008 790 3077 atque
833 3003 1082 3061 administrandis

202 3092 323 3161 tempus
345 3084 473 3153 daretur,
490 3083 594 3140 hostes
614 3101 652 3139 ex
673 3082 813 3139 omuibus
833 3083 971 3158 partibus
993 3083 1082 3156 signo

149 3165 274 3226 35111111
303 3165 467 3232 decurrere,
496 3162 612 3237 lapides
636 3180 777 3236 gaesaque
802 3163 832 3218 in
855 3163 969 3220 vallum
994 3162 1084 3235 conji-

203 3261 287 3302 cere:
309 3243 405 3299 nostri
426 3243 524 3317 primo
552 3242 679 3315 integris
701 3243 815 3299 viribus
837 3243 954 3300 fortiter
974 3259 1082 3316 repug-

203 3339 283 3390 nare,
299 3339 395 3396 neque
417 3321 512 3378 ullum
533 3321 645 3377 frustra
666 3321 760 3377 telum
782 3339 819 3378 ex
840 3322 905 3379 loco
920 3321 1082 3396 superiore

203 3401 340 3458 mittere:
363 3409 398 3456 ut
433 3417 535 3474 uaeque
550 3417 621 3474 pars
637 3407 803 3457 castrorum
820 3401 933 3458 nudata
949 3401 1085 3458 defenso·

202 3480 285 3538 ribus
309 3479 405 3555 premi
437 3479 602 3550 videbatur,
627 3495 663 3535 eo
692 3496 845 3538 occurrere
876 3487 908 3539 ct
936 3479 1085 3539 auxilium
