2548 3774
147 320 210 384 124
427 336 473 382 os
499 337 619 383 sunno
645 337 819 384 cronice.

198 486 286 543 nobis
301 486 428 544 ducibus
444 487 598 558 virtutem,
615 505 707 562 quarn
729 505 936 564 saepenumero
956 487 1084 563 impera·

198 566 255 622 tori
276 567 481 639 praestitistis:
504 574 593 642 atque
615 568 699 624 illum
722 568 828 625 adesse
850 574 881 626 et
902 568 965 626 haec
979 587 1081 627 corarn

197 663 316 702 cernere
342 647 542 705 existimate.”
586 647 681 705 Simul
704 648 794 722 signa
816 648 853 705 ad
875 647 991 705 hostem
1015 665 1081 706 con·

198 726 273 782 verti
296 726 449 801 aciemque
471 727 560 801 dirigi
581 728 676 801 jubet,
700 735 731 784 et
753 728 858 803 paucis
879 728 989 785 turmis
1009 746 1080 803 prae·

164 805 273 876 bsidio
298 805 335 862 ad
358 807 574 881 impedimenta
589 807 733 878 dimissis
749 808 880 883 reliquos
902 807 1018 883 equites
1041 808 1078 864 ad

197 884 293 942 latera
322 885 464 960 disponit.
510 886 656 944 Celeriter
680 888 776 944 nostri
796 887 929 944 clamore
959 888 1078 945 sublato

196 964 260 1038 pila
285 964 316 1020 in
342 965 446 1022 hostes
472 966 648 1024 immittunt.
701 965 759 1035 Illi,
786 968 837 1025 ubi
861 973 969 1042 praeter
993 985 1077 1041 spem

196 1062 273 1118 quos
289 1044 393 1118 lugere
409 1046 570 1103 credebaut
585 1046 704 1103 infestis
719 1047 817 1121 signis
839 1047 876 1104 ad
896 1064 927 1104 se
941 1047 983 1103 ire
999 1047 1077 1104 vide·

195 1130 276 1194 runt,
292 1124 437 1200 impeturn
458 1126 549 1182 modo
563 1126 639 1184 ferre
662 1143 721 1183 non
741 1131 906 1202 potuerunt
927 1145 961 1184 ac
982 1127 1078 1200 primo

145 1202 180 1260 lo
195 1221 342 1261 concursu
364 1205 395 1261 in
419 1205 522 1279 fugam
546 1206 670 1280 conjecti
691 1206 844 1282 proximas
867 1206 962 1263 silvas
984 1207 1077 1281 petie·

195 1290 282 1340 runt:
305 1301 381 1358 quos
403 1283 556 1342 Labienus
581 1286 718 1360 equitatu
741 1291 941 1355 consectatus,
966 1304 1077 1360 magno

194 1380 319 1420 numero
341 1365 507 1434 interfecto,
531 1366 735 1440 compluribus
757 1366 860 1441 captis
883 1364 987 1440 paucis
1008 1372 1077 1441 post

195 1443 303 1499 diebus
318 1444 472 1502 civitatem
488 1445 615 1520 recepit:
638 1463 707 1502 nam
723 1445 877 1515 Germani,
893 1445 943 1520 qui
964 1445 1077 1502 anxilio

196 1523 366 1595 veniebant,
389 1530 529 1600 percepta
551 1525 741 1582 Trevirorum
762 1525 843 1598 fuga,
867 1543 932 1581 sese
954 1525 1074 1581 domum

142 1601 177 1658 15
193 1603 391 1660 contulerunt.
436 1603 512 1662 Cum
538 1604 584 1661 his
608 1605 766 1680 propinqui
792 1604 1000 1675 Indutiomari,
1023 1605 1075 1679 qui

194 1682 370 1740 defectionis
387 1689 525 1740 auctores
540 1685 668 1753 fuerant,
685 1685 820 1741 comitati
835 1701 887 1741 eos
902 1702 939 1740 ex
953 1685 1077 1742 civitate

193 1778 355 1820 excessere.
400 1763 598 1838 Cingetorigi,
615 1782 703 1838 quem
721 1764 860 1821 abinitio
874 1764 1076 1839 permansisse

192 1841 223 1897 in
245 1842 341 1899 officio
363 1843 647 1914 demonstravimus
663 1843 851 1920 principatus
873 1849 962 1919 atque
984 1845 1076 1920 impe-

192 1921 270 1978 rium
291 1927 338 1979 est
359 1923 512 1980 traditum.
664 1935 669 1945 ·

139 1999 177 2055 2⁰
234 2004 258 2058 9.
283 2001 392 2072 Caesar,
403 2007 564 2077 postquam
577 2021 614 2060 ex
624 2003 774 2077 Menapiis
786 2003 818 2059 in
830 2003 973 2060 Treviros
983 2003 1075 2074 venit,

192 2079 309 2138 duabus
324 2082 360 2139 de
382 2082 481 2139 causis
497 2081 638 2139 Rhenum
659 2083 788 2140 transire
810 2081 984 2140 constituit:
1007 2101 1076 2158 qua·

191 2177 258 2216 rum
274 2179 334 2218 una
349 2167 423 2233 erat,
440 2161 520 2236 quod
536 2163 648 2219 auxilia
670 2169 774 2220 contra
795 2181 827 2219 se
843 2162 976 2219 Treviris
990 2163 1076 2220 mise·

193 2245 262 2296 rant
273 2259 288 2313 3·
303 2241 407 2311 altera,
424 2259 460 2298 ne
476 2242 513 2298 acl
529 2259 581 2298 eos
597 2243 758 2298 Ambiorix
773 2248 923 2318 receptum
940 2241 1073 2300 haberet.

196 2319 255 2377 His
271 2321 447 2378 constitutis
462 2322 560 2389 rebus,
571 2321 695 2396 paulum
712 2339 804 2396 supra
814 2340 883 2379 eum
898 2321 1074 2398 locumque

141 2399 177 2454 25
195 2405 264 2456 ante
279 2401 442 2458 exercitum
457 2401 679 2470 transduxerat,
690 2401 786 2459 facere
798 2407 920 2477 pontem
932 2401 1072 2460 instituit.

195 2478 278 2536 Nota
294 2485 382 2555 atque
397 2479 540 2538 instituta
553 2481 679 2552 ratione,
690 2499 802 2554 magno
817 2480 948 2538 militum
973 2483 1074 2539 studio

192 2559 298 2633 paucis
314 2561 422 2617 dicbus
438 2578 513 2635 opus
535 2560 665 2618 efficitur.
709 2561 812 2618 Firmo
834 2561 865 2617 iu
881 2560 1015 2618 Trevins
1037 2561 1074 2618 ad

191 2645 314 2715 pontem
331 2639 470 2714 praesidio
485 2641 598 2709 relicto,
610 2640 724 2715 nequis
740 2641 777 2697 ab
792 2640 840 2698 his
855 2641 957 2697 subito
972 2648 1073 2698 motus

192 2718 326 2789 oriretur,
351 2719 482 2794 reliquas
511 2721 612 2795 copias
641 2720 867 2796 equitatumque
895 2721 1070 2779 transducit.

139 2797 177 2854 30
192 2797 273 2869 Ubii,
287 2799 337 2874 qui
355 2804 424 2856 ante
439 2799 560 2857 obsides
576 2800 721 2857 dederant
738 2807 826 2875 atquc
844 2801 874 2856 in
889 2800 1072 2857 deditionem

193 2884 347 2949 venerant,
363 2879 513 2955 purgandi
529 2879 575 2938 sui
598 2898 690 2937 causa
713 2880 750 2937 ad
774 2897 843 2936 euru
866 2879 986 2953 legatos
1008 2880 1073 2936 mit·

190 2963 269 3028 tunt,
284 2959 335 3034 qui
355 2960 483 3016 doceant
507 2978 602 3034 neque
626 2958 738 3016 auxilia
760 2978 797 3016 ex
819 2977 874 3016 sua
895 2959 1019 3016 civitate
1041 2959 1071 3016 in

191 3038 332 3096 Treviros
356 3039 459 3107 missa,
476 3057 570 3114 neque
596 3039 633 3096 ab
656 3056 687 3096 se
711 3039 799 3096 tidem
823 3039 944 3096 laesum:
966 3046 1073 3115 petunt

192 3123 281 3193 atque
297 3125 391 3187 orant,
405 3125 439 3176 ut
454 3119 510 3174 sibi
527 3125 640 3194 parcat,
653 3137 690 3174 ue
706 3119 858 3176 communi
874 3119 942 3176 odio
954 3119 1073 3176 Germe-

139 3196 175 3254 35
191 3215 296 3254 norum
319 3199 494 3256 innoeentes
515 3216 569 3274 pro
590 3199 768 3255 nocentibus
788 3216 893 3273 poeuas
920 3199 1071 3274 pendant:

192 3278 217 3334 si
233 3278 363 3352 amplius
379 3278 518 3335 obsidum
533 3278 615 3347 velit,
632 3279 703 3335 dare
717 3279 903 3354 pollicentur.
942 3277 1071 3353 Cognita

194 3355 298 3414 (laesar
311 3374 404 3414 eausa
424 3359 535 3432 reperit
557 3358 593 3413 ab
610 3357 719 3414 Suevis
741 3357 854 3414 auxilia
875 3357 971 3414 missa
988 3375 1070 3415 esse:

119 3462 123 3470 ·
195 3434 344 3492 Ubiorum
365 3436 605 3493 satisfactionem
627 3436 753 3513 aecipit;
775 3437 877 3494 aditus
897 3437 1022 3514 viasque
1044 3437 1074 3495 in

194 3511 313 3570 Suevos
332 3515 485 3590 perquirit.
