<?xml version="1.0" encoding="UTF-8"?>
<!DOCTYPE html PUBLIC "-//W3C//DTD XHTML 1.0 Transitional//EN"
    "http://www.w3.org/TR/xhtml1/DTD/xhtml1-transitional.dtd">
<html xmlns="http://www.w3.org/1999/xhtml" xml:lang="en" lang="en">
 <head>
  <title>
</title>
<meta http-equiv="Content-Type" content="text/html;charset=utf-8" />
  <meta name='ocr-system' content='tesseract 3.04.00' />
  <meta name='ocr-capabilities' content='ocr_page ocr_carea ocr_par ocr_line ocrx_word'/>
</head>
<body>
  <div class='ocr_page' id='page_1' title='image "./caiijuliicaesar03caesgoog_0047.png"; bbox 0 0 2524 3776; ppageno 0'>
   <div class='ocr_carea' id='block_1_1' title="bbox 483 298 1092 364">
    <p class='ocr_par' dir='ltr' id='par_1_1' title="bbox 483 298 1092 364">
     <span class='ocr_line' id='line_1_1' title="bbox 483 298 1092 364; baseline 0.01 -8"><span class='ocrx_word' id='word_1_1' title='bbox 483 309 597 357; x_wconf 81' lang='lat' dir='ltr'>mana</span> <span class='ocrx_word' id='word_1_2' title='bbox 622 310 773 359; x_wconf 71' lang='lat' dir='ltr'>paruus.</span> <span class='ocrx_word' id='word_1_3' title='bbox 1049 298 1092 364; x_wconf 85' lang='grc'>39</span> 
     </span>
    </p>
   </div>
   <div class='ocr_carea' id='block_1_2' title="bbox 147 461 1130 3178">
    <p class='ocr_par' dir='ltr' id='par_1_2' title="bbox 147 461 1092 848">
     <span class='ocr_line' id='line_1_2' title="bbox 157 461 1040 538; baseline 0.006 -20"><span class='ocrx_word' id='word_1_4' title='bbox 157 467 237 528; x_wconf 85' lang='lat' dir='ltr'>tram</span> <span class='ocrx_word' id='word_1_5' title='bbox 267 461 360 520; x_wconf 91' lang='lat' dir='ltr'>aciem</span> <span class='ocrx_word' id='word_1_6' title='bbox 387 461 570 538; x_wconf 78' lang='lat' dir='ltr'>premebant.</span> <span class='ocrx_word' id='word_1_7' title='bbox 615 461 652 519; x_wconf 92' lang='lat' dir='ltr'>Id</span> <span class='ocrx_word' id='word_1_8' title='bbox 681 479 748 519; x_wconf 92' lang='lat' dir='ltr'>eum</span> <span class='ocrx_word' id='word_1_9' title='bbox 773 463 960 523; x_wconf 85' lang='lat' dir='ltr'>animadverl</span> <span class='ocrx_word' id='word_1_10' title='bbox 976 471 1040 523; x_wconf 85' lang='lat' dir='ltr'>sset</span> 
     </span>
     <span class='ocr_line' id='line_1_3' title="bbox 158 541 1038 620; baseline 0.003 -21"><span class='ocrx_word' id='word_1_11' title='bbox 158 541 287 600; x_wconf 78' lang='lat' dir='ltr'>Publius</span> <span class='ocrx_word' id='word_1_12' title='bbox 309 541 438 600; x_wconf 75' lang='lat' dir='ltr'><strong>Crassus</strong></span> <span class='ocrx_word' id='word_1_13' title='bbox 463 541 647 610; x_wconf 77' lang='lat' dir='ltr'>adolescens,</span> <span class='ocrx_word' id='word_1_14' title='bbox 664 542 713 616; x_wconf 93' lang='lat' dir='ltr'>qui</span> <span class='ocrx_word' id='word_1_15' title='bbox 734 544 879 618; x_wconf 89' lang='lat' dir='ltr'>equitatui</span> <span class='ocrx_word' id='word_1_16' title='bbox 901 551 1038 620; x_wconf 76' lang='lat' dir='ltr'>praeerat,</span> 
     </span>
     <span class='ocr_line' id='line_1_4' title="bbox 147 621 1041 697; baseline 0.003 -18"><span class='ocrx_word' id='word_1_17' title='bbox 147 622 239 697; x_wconf 78' lang='lat' dir='ltr'>,quod</span> <span class='ocrx_word' id='word_1_18' title='bbox 260 622 425 697; x_wconf 82' lang='lat' dir='ltr'>expeditior</span> <span class='ocrx_word' id='word_1_19' title='bbox 446 627 511 678; x_wconf 89' lang='lat' dir='ltr'>erat</span> <span class='ocrx_word' id='word_1_20' title='bbox 535 640 625 697; x_wconf 90' lang='lat' dir='ltr'>quem</span> <span class='ocrx_word' id='word_1_21' title='bbox 648 621 677 678; x_wconf 93' lang='lat' dir='ltr'>hi</span> <span class='ocrx_word' id='word_1_22' title='bbox 699 623 748 697; x_wconf 92' lang='lat' dir='ltr'>qui</span> <span class='ocrx_word' id='word_1_23' title='bbox 771 623 847 680; x_wconf 88' lang='lat' dir='ltr'>inter</span> <span class='ocrx_word' id='word_1_24' title='bbox 862 625 955 682; x_wconf 89' lang='lat' dir='ltr'>aciem</span> <span class='ocrx_word' id='word_1_25' title='bbox 978 643 1041 683; x_wconf 88' lang='lat' dir='ltr'>ver·</span> 
     </span>
     <span class='ocr_line' id='line_1_5' title="bbox 158 701 1042 771; baseline 0.007 -13"><span class='ocrx_word' id='word_1_26' title='bbox 158 702 312 771; x_wconf 86' lang='lat' dir='ltr'>sabantur,</span> <span class='ocrx_word' id='word_1_27' title='bbox 336 702 456 758; x_wconf 81' lang='lat' dir='ltr'>tertiam</span> <span class='ocrx_word' id='word_1_28' title='bbox 479 701 573 758; x_wconf 82' lang='lat' dir='ltr'>aciem</span> <span class='ocrx_word' id='word_1_29' title='bbox 598 701 804 760; x_wconf 83' lang='lat' dir='ltr'>laborantibus</span> <span class='ocrx_word' id='word_1_30' title='bbox 832 705 945 762; x_wconf 85' lang='lat' dir='ltr'>nostris</span> <span class='ocrx_word' id='word_1_31' title='bbox 973 707 1042 764; x_wconf 86' lang='lat' dir='ltr'>sub·</span> 
     </span>
     <span class='ocr_line' id='line_1_6' title="bbox 158 781 1092 848; baseline -0.005 -10"><span class='ocrx_word' id='word_1_32' title='bbox 158 781 236 839; x_wconf 89' lang='lat' dir='ltr'>sidio</span> <span class='ocrx_word' id='word_1_33' title='bbox 250 781 340 842; x_wconf 85' lang='lat' dir='ltr'>misit.</span> <span class='ocrx_word' id='word_1_34' title='bbox 1076 789 1092 848; x_wconf 76' lang='lat'>5</span> 
     </span>
    </p>

    <p class='ocr_par' dir='ltr' id='par_1_3' title="bbox 156 860 1100 2938">
     <span class='ocr_line' id='line_1_7' title="bbox 198 860 1041 937; baseline 0.004 -17"><span class='ocrx_word' id='word_1_35' title='bbox 198 865 245 920; x_wconf 85' lang='lat'>53.</span> <span class='ocrx_word' id='word_1_36' title='bbox 272 861 321 918; x_wconf 86' lang='lat' dir='ltr'>Ita</span> <span class='ocrx_word' id='word_1_37' title='bbox 333 860 470 936; x_wconf 88' lang='lat' dir='ltr'>proelium</span> <span class='ocrx_word' id='word_1_38' title='bbox 486 862 658 918; x_wconf 86' lang='lat' dir='ltr'>restitutum</span> <span class='ocrx_word' id='word_1_39' title='bbox 676 867 731 931; x_wconf 83' lang='lat' dir='ltr'>est,</span> <span class='ocrx_word' id='word_1_40' title='bbox 749 870 838 937; x_wconf 89' lang='lat' dir='ltr'>atquo</span> <span class='ocrx_word' id='word_1_41' title='bbox 854 881 959 922; x_wconf 85' lang='lat' dir='ltr'>omnes</span> <span class='ocrx_word' id='word_1_42' title='bbox 974 864 1041 923; x_wconf 86' lang='lat' dir='ltr'>hos·</span> 
     </span>
     <span class='ocr_line' id='line_1_8' title="bbox 157 942 1040 1018; baseline 0.005 -19"><span class='ocrx_word' id='word_1_43' title='bbox 157 946 205 999; x_wconf 88' lang='lat' dir='ltr'>tes</span> <span class='ocrx_word' id='word_1_44' title='bbox 227 948 315 1016; x_wconf 85' lang='lat' dir='ltr'>terga</span> <span class='ocrx_word' id='word_1_45' title='bbox 330 945 494 1010; x_wconf 84' lang='lat' dir='ltr'>verterunt,</span> <span class='ocrx_word' id='word_1_46' title='bbox 510 959 604 1017; x_wconf 89' lang='lat' dir='ltr'>neque</span> <span class='ocrx_word' id='word_1_47' title='bbox 619 942 703 1018; x_wconf 87' lang='lat' dir='ltr'>prius</span> <span class='ocrx_word' id='word_1_48' title='bbox 724 942 828 1016; x_wconf 84' lang='lat' dir='ltr'>fugere</span> <span class='ocrx_word' id='word_1_49' title='bbox 850 944 1040 1016; x_wconf 86' lang='lat' dir='ltr'>destiterunt,</span> 
     </span>
     <span class='ocr_line' id='line_1_9' title="bbox 156 1020 1042 1097; baseline 0.008 -21"><span class='ocrx_word' id='word_1_50' title='bbox 156 1040 249 1096; x_wconf 88' lang='lat' dir='ltr'>qnam</span> <span class='ocrx_word' id='word_1_51' title='bbox 272 1022 309 1079; x_wconf 93' lang='lat' dir='ltr'>ad</span> <span class='ocrx_word' id='word_1_52' title='bbox 332 1020 441 1078; x_wconf 88' lang='lat' dir='ltr'>flumen</span> <span class='ocrx_word' id='word_1_53' title='bbox 458 1020 600 1078; x_wconf 86' lang='lat' dir='ltr'>Rhenum</span> <span class='ocrx_word' id='word_1_54' title='bbox 620 1022 703 1078; x_wconf 88' lang='lat' dir='ltr'>milia</span> <span class='ocrx_word' id='word_1_55' title='bbox 716 1040 860 1097; x_wconf 86' lang='lat' dir='ltr'>passuum</span> <span class='ocrx_word' id='word_1_56' title='bbox 876 1043 912 1082; x_wconf 84' lang='lat' dir='ltr'>ex</span> <span class='ocrx_word' id='word_1_57' title='bbox 927 1043 962 1082; x_wconf 89' lang='lat' dir='ltr'>eo</span> <span class='ocrx_word' id='word_1_58' title='bbox 976 1024 1042 1083; x_wconf 89' lang='lat' dir='ltr'>loco</span> 
     </span>
     <span class='ocr_line' id='line_1_10' title="bbox 156 1100 1042 1180; baseline 0.006 -23"><span class='ocrx_word' id='word_1_59' title='bbox 156 1101 276 1158; x_wconf 82' lang='lat' dir='ltr'>circiter</span> <span class='ocrx_word' id='word_1_60' title='bbox 289 1100 508 1177; x_wconf 75' lang='lat' dir='ltr'>quinquaginta</span> <span class='ocrx_word' id='word_1_61' title='bbox 530 1103 729 1177; x_wconf 86' lang='lat' dir='ltr'>pervenerint.</span> <span class='ocrx_word' id='word_1_62' title='bbox 772 1103 818 1160; x_wconf 86' lang='lat' dir='ltr'>lbi</span> <span class='ocrx_word' id='word_1_63' title='bbox 833 1106 974 1180; x_wconf 85' lang='lat' dir='ltr'>perpauci</span> <span class='ocrx_word' id='word_1_64' title='bbox 989 1110 1042 1162; x_wconf 88' lang='lat' dir='ltr'>eut</span> 
     </span>
     <span class='ocr_line' id='line_1_11' title="bbox 157 1181 1095 1253; baseline 0.006 -15"><span class='ocrx_word' id='word_1_65' title='bbox 157 1182 274 1238; x_wconf 77' lang='lat' dir='ltr'>viribus</span> <span class='ocrx_word' id='word_1_66' title='bbox 308 1181 410 1239; x_wconf 86' lang='lat' dir='ltr'>confisi</span> <span class='ocrx_word' id='word_1_67' title='bbox 450 1186 569 1238; x_wconf 86' lang='lat' dir='ltr'>tranare</span> <span class='ocrx_word' id='word_1_68' title='bbox 604 1181 833 1253; x_wconf 91' lang='lat' dir='ltr'>contenderunt,</span> <span class='ocrx_word' id='word_1_69' title='bbox 864 1189 917 1241; x_wconf 92' lang='lat' dir='ltr'>aut</span> <span class='ocrx_word' id='word_1_70' title='bbox 950 1186 1042 1242; x_wconf 89' lang='lat' dir='ltr'>lintri·</span> <span class='ocrx_word' id='word_1_71' title='bbox 1060 1188 1095 1244; x_wconf 90' lang='grc'>10</span> 
     </span>
     <span class='ocr_line' id='line_1_12' title="bbox 157 1261 1043 1336; baseline 0.003 -17"><span class='ocrx_word' id='word_1_72' title='bbox 157 1263 215 1319; x_wconf 90' lang='lat' dir='ltr'>bus</span> <span class='ocrx_word' id='word_1_73' title='bbox 237 1261 370 1319; x_wconf 89' lang='lat' dir='ltr'>inventis</span> <span class='ocrx_word' id='word_1_74' title='bbox 402 1261 458 1317; x_wconf 91' lang='lat' dir='ltr'>sibi</span> <span class='ocrx_word' id='word_1_75' title='bbox 480 1261 609 1318; x_wconf 88' lang='lat' dir='ltr'>salutem</span> <span class='ocrx_word' id='word_1_76' title='bbox 630 1268 812 1336; x_wconf 88' lang='lat' dir='ltr'>repererunt.</span> <span class='ocrx_word' id='word_1_77' title='bbox 857 1263 892 1321; x_wconf 93' lang='lat' dir='ltr'>Iu</span> <span class='ocrx_word' id='word_1_78' title='bbox 916 1264 963 1322; x_wconf 88' lang='lat' dir='ltr'>his</span> <span class='ocrx_word' id='word_1_79' title='bbox 984 1265 1043 1322; x_wconf 88' lang='lat' dir='ltr'>fuit</span> 
     </span>
     <span class='ocr_line' id='line_1_13' title="bbox 157 1341 1043 1419; baseline 0.005 -20"><span class='ocrx_word' id='word_1_80' title='bbox 157 1342 343 1411; x_wconf 72' lang='lat' dir='ltr'>Ariovistus</span> <span class='ocrx_word' id='word_1_81' title='bbox 359 1341 408 1416; x_wconf 88' lang='lat' dir='ltr'>qui</span> <span class='ocrx_word' id='word_1_82' title='bbox 431 1341 600 1398; x_wconf 91' lang='lat' dir='ltr'>naviculam</span> <span class='ocrx_word' id='word_1_83' title='bbox 615 1341 780 1416; x_wconf 80' lang='lat' dir='ltr'>deligatam</span> <span class='ocrx_word' id='word_1_84' title='bbox 803 1343 840 1400; x_wconf 92' lang='lat' dir='ltr'>ad</span> <span class='ocrx_word' id='word_1_85' title='bbox 862 1344 956 1419; x_wconf 89' lang='lat' dir='ltr'>ripam</span> <span class='ocrx_word' id='word_1_86' title='bbox 975 1362 1043 1403; x_wconf 86' lang='lat' dir='ltr'>nae-</span> 
     </span>
     <span class='ocr_line' id='line_1_14' title="bbox 157 1421 1043 1501; baseline 0.005 -23"><span class='ocrx_word' id='word_1_87' title='bbox 157 1428 217 1482; x_wconf 86' lang='lat' dir='ltr'>tus.</span> <span class='ocrx_word' id='word_1_88' title='bbox 239 1440 277 1478; x_wconf 92' lang='lat' dir='ltr'>ea</span> <span class='ocrx_word' id='word_1_89' title='bbox 296 1421 447 1497; x_wconf 84' lang='lat' dir='ltr'>profugit:</span> <span class='ocrx_word' id='word_1_90' title='bbox 476 1421 606 1496; x_wconf 85' lang='lat' dir='ltr'>reliquos</span> <span class='ocrx_word' id='word_1_91' title='bbox 628 1438 732 1479; x_wconf 89' lang='lat' dir='ltr'>omnes</span> <span class='ocrx_word' id='word_1_92' title='bbox 754 1425 905 1481; x_wconf 88' lang='lat' dir='ltr'>consecuti</span> <span class='ocrx_word' id='word_1_93' title='bbox 927 1425 1043 1501; x_wconf 86' lang='lat' dir='ltr'>equites</span> 
     </span>
     <span class='ocr_line' id='line_1_15' title="bbox 157 1500 1040 1575; baseline 0.005 -17"><span class='ocrx_word' id='word_1_94' title='bbox 157 1502 255 1558; x_wconf 87' lang='lat' dir='ltr'>nostri</span> <span class='ocrx_word' id='word_1_95' title='bbox 270 1500 491 1558; x_wconf 87' lang='lat' dir='ltr'>interfecerunt.</span> <span class='ocrx_word' id='word_1_96' title='bbox 530 1501 606 1558; x_wconf 86' lang='lat' dir='ltr'>Duae</span> <span class='ocrx_word' id='word_1_97' title='bbox 621 1501 742 1558; x_wconf 85' lang='lat' dir='ltr'>luerunt</span> <span class='ocrx_word' id='word_1_98' title='bbox 757 1501 906 1560; x_wconf 87' lang='lat' dir='ltr'>Ariovisti</span> <span class='ocrx_word' id='word_1_99' title='bbox 922 1522 1040 1575; x_wconf 81' lang='lat' dir='ltr'>uxorea,</span> 
     </span>
     <span class='ocr_line' id='line_1_16' title="bbox 158 1580 1097 1655; baseline 0.005 -17"><span class='ocrx_word' id='word_1_100' title='bbox 158 1599 219 1638; x_wconf 90' lang='lat' dir='ltr'>una</span> <span class='ocrx_word' id='word_1_101' title='bbox 245 1580 345 1639; x_wconf 87' lang='lat' dir='ltr'>Sueva</span> <span class='ocrx_word' id='word_1_102' title='bbox 368 1581 498 1650; x_wconf 88' lang='lat' dir='ltr'>natione,</span> <span class='ocrx_word' id='word_1_103' title='bbox 522 1598 612 1655; x_wconf 88' lang='lat' dir='ltr'>quam</span> <span class='ocrx_word' id='word_1_104' title='bbox 637 1580 725 1639; x_wconf 90' lang='lat' dir='ltr'>domo</span> <span class='ocrx_word' id='word_1_105' title='bbox 753 1599 855 1639; x_wconf 91' lang='lat' dir='ltr'>secum</span> <span class='ocrx_word' id='word_1_106' title='bbox 880 1584 1044 1654; x_wconf 82' lang='lat' dir='ltr'>eduxerat;</span> <span class='ocrx_word' id='word_1_107' title='bbox 1062 1585 1097 1642; x_wconf 88' lang='lat'>15</span> 
     </span>
     <span class='ocr_line' id='line_1_17' title="bbox 158 1660 1043 1737; baseline 0.003 -20"><span class='ocrx_word' id='word_1_108' title='bbox 158 1661 256 1719; x_wconf 87' lang='lat' dir='ltr'>altera</span> <span class='ocrx_word' id='word_1_109' title='bbox 278 1660 396 1730; x_wconf 87' lang='lat' dir='ltr'>Norica,</span> <span class='ocrx_word' id='word_1_110' title='bbox 412 1661 492 1734; x_wconf 80' lang='lat' dir='ltr'>regis</span> <span class='ocrx_word' id='word_1_111' title='bbox 508 1660 654 1718; x_wconf 87' lang='lat' dir='ltr'>Voeionis</span> <span class='ocrx_word' id='word_1_112' title='bbox 676 1679 768 1731; x_wconf 89' lang='lat' dir='ltr'>soror,</span> <span class='ocrx_word' id='word_1_113' title='bbox 785 1680 874 1737; x_wconf 89' lang='lat' dir='ltr'>quam</span> <span class='ocrx_word' id='word_1_114' title='bbox 897 1664 926 1720; x_wconf 93' lang='lat' dir='ltr'>in</span> <span class='ocrx_word' id='word_1_115' title='bbox 944 1664 1043 1724; x_wconf 86' lang='lat' dir='ltr'>Gallia</span> 
     </span>
     <span class='ocr_line' id='line_1_18' title="bbox 158 1740 1045 1820; baseline 0.003 -22"><span class='ocrx_word' id='word_1_116' title='bbox 158 1742 296 1810; x_wconf 86' lang='lat' dir='ltr'>duxerat,</span> <span class='ocrx_word' id='word_1_117' title='bbox 312 1759 330 1797; x_wconf 89' lang='lat' dir='ltr'>a</span> <span class='ocrx_word' id='word_1_118' title='bbox 344 1740 435 1797; x_wconf 88' lang='lat' dir='ltr'>fratre</span> <span class='ocrx_word' id='word_1_119' title='bbox 456 1741 598 1797; x_wconf 85' lang='lat' dir='ltr'>missam:</span> <span class='ocrx_word' id='word_1_120' title='bbox 621 1746 753 1816; x_wconf 82' lang='lat' dir='ltr'>utraeque</span> <span class='ocrx_word' id='word_1_121' title='bbox 769 1741 798 1797; x_wconf 93' lang='lat' dir='ltr'>in</span> <span class='ocrx_word' id='word_1_122' title='bbox 813 1760 850 1799; x_wconf 89' lang='lat' dir='ltr'>ea</span> <span class='ocrx_word' id='word_1_123' title='bbox 865 1743 938 1817; x_wconf 80' lang='lat' dir='ltr'>suga</span> <span class='ocrx_word' id='word_1_124' title='bbox 955 1745 1045 1820; x_wconf 88' lang='lat' dir='ltr'>perie-</span> 
     </span>
     <span class='ocr_line' id='line_1_19' title="bbox 157 1819 1045 1900; baseline 0.005 -22"><span class='ocrx_word' id='word_1_125' title='bbox 157 1828 236 1880; x_wconf 88' lang='lat' dir='ltr'>runt.</span> <span class='ocrx_word' id='word_1_126' title='bbox 282 1820 356 1877; x_wconf 84' lang='lat' dir='ltr'>Duae</span> <span class='ocrx_word' id='word_1_127' title='bbox 372 1819 438 1878; x_wconf 81' lang='lat' dir='ltr'>filiae</span> <span class='ocrx_word' id='word_1_128' title='bbox 461 1819 583 1894; x_wconf 81' lang='lat' dir='ltr'>harum3</span> <span class='ocrx_word' id='word_1_129' title='bbox 606 1820 701 1878; x_wconf 88' lang='lat' dir='ltr'>altera</span> <span class='ocrx_word' id='word_1_130' title='bbox 717 1822 823 1891; x_wconf 83' lang='lat' dir='ltr'>occisa,</span> <span class='ocrx_word' id='word_1_131' title='bbox 839 1822 935 1880; x_wconf 86' lang='lat' dir='ltr'>altera</span> <span class='ocrx_word' id='word_1_132' title='bbox 956 1829 1045 1900; x_wconf 89' lang='lat' dir='ltr'>capta</span> 
     </span>
     <span class='ocr_line' id='line_1_20' title="bbox 158 1899 1043 1961; baseline 0.001 -1"><span class='ocrx_word' id='word_1_133' title='bbox 158 1909 213 1960; x_wconf 87' lang='lat' dir='ltr'>est.</span> <span class='ocrx_word' id='word_1_134' title='bbox 258 1899 351 1960; x_wconf 77' lang='lat' dir='ltr'>Gaius</span> <span class='ocrx_word' id='word_1_135' title='bbox 366 1900 507 1958; x_wconf 86' lang='lat' dir='ltr'>Valerius</span> <span class='ocrx_word' id='word_1_136' title='bbox 529 1900 677 1958; x_wconf 88' lang='lat' dir='ltr'>Procillus</span> <span class='ocrx_word' id='word_1_137' title='bbox 699 1919 766 1958; x_wconf 90' lang='lat' dir='ltr'>cum</span> <span class='ocrx_word' id='word_1_138' title='bbox 781 1920 800 1958; x_wconf 90' lang='lat' dir='ltr'>a</span> <span class='ocrx_word' id='word_1_139' title='bbox 815 1903 991 1961; x_wconf 85' lang='lat' dir='ltr'>custodibus</span> <span class='ocrx_word' id='word_1_140' title='bbox 1012 1904 1043 1961; x_wconf 89' lang='lat' dir='ltr'>in</span> 
     </span>
     <span class='ocr_line' id='line_1_21' title="bbox 158 1980 1098 2057; baseline 0.003 -18"><span class='ocrx_word' id='word_1_141' title='bbox 158 1982 231 2056; x_wconf 79' lang='lat' dir='ltr'>iuga</span> <span class='ocrx_word' id='word_1_142' title='bbox 245 1981 333 2039; x_wconf 83' lang='lat' dir='ltr'>trinis</span> <span class='ocrx_word' id='word_1_143' title='bbox 348 1981 463 2039; x_wconf 85' lang='lat' dir='ltr'>eatenis</span> <span class='ocrx_word' id='word_1_144' title='bbox 475 1981 596 2038; x_wconf 90' lang='lat' dir='ltr'>vinetus</span> <span class='ocrx_word' id='word_1_145' title='bbox 607 1980 778 2038; x_wconf 86' lang='lat' dir='ltr'>traheretur</span> <span class='ocrx_word' id='word_1_146' title='bbox 788 1981 820 2038; x_wconf 93' lang='lat' dir='ltr'>in</span> <span class='ocrx_word' id='word_1_147' title='bbox 834 1982 931 2057; x_wconf 85' lang='lat' dir='ltr'>ipsum</span> <span class='ocrx_word' id='word_1_148' title='bbox 946 1983 1045 2042; x_wconf 85' lang='lat' dir='ltr'>Ooesa·</span> <span class='ocrx_word' id='word_1_149' title='bbox 1060 1985 1098 2042; x_wconf 79' lang='lat'>20</span> 
     </span>
     <span class='ocr_line' id='line_1_22' title="bbox 158 2060 1045 2136; baseline 0.005 -18"><span class='ocrx_word' id='word_1_150' title='bbox 158 2081 231 2125; x_wconf 85' lang='lat' dir='ltr'>rem.</span> <span class='ocrx_word' id='word_1_151' title='bbox 255 2060 360 2119; x_wconf 84' lang='lat' dir='ltr'>hostes</span> <span class='ocrx_word' id='word_1_152' title='bbox 388 2060 526 2136; x_wconf 90' lang='lat' dir='ltr'>equitatu</span> <span class='ocrx_word' id='word_1_153' title='bbox 551 2067 790 2136; x_wconf 85' lang='lat' dir='ltr'>persequentem,</span> <span class='ocrx_word' id='word_1_154' title='bbox 813 2062 926 2120; x_wconf 89' lang='lat' dir='ltr'>incidit.</span> <span class='ocrx_word' id='word_1_155' title='bbox 972 2064 1045 2136; x_wconf 76' lang='lat' dir='ltr'>Qum</span> 
     </span>
     <span class='ocr_line' id='line_1_23' title="bbox 158 2141 1047 2218; baseline 0 -19"><span class='ocrx_word' id='word_1_156' title='bbox 158 2143 279 2218; x_wconf 91' lang='lat' dir='ltr'>quidem</span> <span class='ocrx_word' id='word_1_157' title='bbox 294 2158 343 2198; x_wconf 86' lang='lat' dir='ltr'>res</span> <span class='ocrx_word' id='word_1_158' title='bbox 355 2141 468 2200; x_wconf 78' lang='lat' dir='ltr'>Oaesari</span> <span class='ocrx_word' id='word_1_159' title='bbox 482 2158 542 2198; x_wconf 92' lang='lat' dir='ltr'>non</span> <span class='ocrx_word' id='word_1_160' title='bbox 556 2141 702 2198; x_wconf 89' lang='lat' dir='ltr'>minorem</span> <span class='ocrx_word' id='word_1_161' title='bbox 721 2159 812 2216; x_wconf 90' lang='lat' dir='ltr'>quam</span> <span class='ocrx_word' id='word_1_162' title='bbox 826 2141 893 2217; x_wconf 89' lang='lat' dir='ltr'>ipsa</span> <span class='ocrx_word' id='word_1_163' title='bbox 920 2142 1047 2200; x_wconf 90' lang='lat' dir='ltr'>victoria</span> 
     </span>
     <span class='ocr_line' id='line_1_24' title="bbox 160 2220 1045 2298; baseline 0.002 -20"><span class='ocrx_word' id='word_1_164' title='bbox 160 2223 349 2298; x_wconf 88' lang='lat' dir='ltr'>voluptatem</span> <span class='ocrx_word' id='word_1_165' title='bbox 370 2222 491 2294; x_wconf 89' lang='lat' dir='ltr'>attulit;</span> <span class='ocrx_word' id='word_1_166' title='bbox 521 2221 601 2296; x_wconf 92' lang='lat' dir='ltr'>quod</span> <span class='ocrx_word' id='word_1_167' title='bbox 623 2220 776 2279; x_wconf 91' lang='lat' dir='ltr'>hominem</span> <span class='ocrx_word' id='word_1_168' title='bbox 799 2221 1045 2280; x_wconf 79' lang='lat' dir='ltr'>honestissimum</span> 
     </span>
     <span class='ocr_line' id='line_1_25' title="bbox 159 2300 1044 2378; baseline -0.001 -18"><span class='ocrx_word' id='word_1_169' title='bbox 159 2303 323 2378; x_wconf 77' lang='lat' dir='ltr'>provinciae</span> <span class='ocrx_word' id='word_1_170' title='bbox 352 2301 466 2368; x_wconf 82' lang='lat' dir='ltr'>Galliae,</span> <span class='ocrx_word' id='word_1_171' title='bbox 496 2319 583 2358; x_wconf 91' lang='lat' dir='ltr'>suum</span> <span class='ocrx_word' id='word_1_172' title='bbox 618 2300 797 2359; x_wconf 83' lang='lat' dir='ltr'>familiarem</span> <span class='ocrx_word' id='word_1_173' title='bbox 824 2308 856 2360; x_wconf 91' lang='lat' dir='ltr'>et</span> <span class='ocrx_word' id='word_1_174' title='bbox 885 2301 1044 2378; x_wconf 90' lang='lat' dir='ltr'>hospitem,</span> 
     </span>
     <span class='ocr_line' id='line_1_26' title="bbox 159 2381 1098 2458; baseline 0 -18"><span class='ocrx_word' id='word_1_175' title='bbox 159 2387 298 2458; x_wconf 90' lang='lat' dir='ltr'>ereptum</span> <span class='ocrx_word' id='word_1_176' title='bbox 313 2400 329 2439; x_wconf 89' lang='lat' dir='ltr'>e</span> <span class='ocrx_word' id='word_1_177' title='bbox 344 2381 483 2438; x_wconf 88' lang='lat' dir='ltr'>manibus</span> <span class='ocrx_word' id='word_1_178' title='bbox 498 2381 640 2450; x_wconf 90' lang='lat' dir='ltr'>hostium,</span> <span class='ocrx_word' id='word_1_179' title='bbox 654 2381 710 2438; x_wconf 85' lang='lat' dir='ltr'>sibi</span> <span class='ocrx_word' id='word_1_180' title='bbox 722 2382 897 2438; x_wconf 89' lang='lat' dir='ltr'>restitutum</span> <span class='ocrx_word' id='word_1_181' title='bbox 910 2383 1044 2453; x_wconf 86' lang='lat' dir='ltr'>videbat,</span> <span class='ocrx_word' id='word_1_182' title='bbox 1061 2385 1098 2441; x_wconf 79' lang='lat'>25</span> 
     </span>
     <span class='ocr_line' id='line_1_27' title="bbox 160 2461 1047 2538; baseline 0 -19"><span class='ocrx_word' id='word_1_183' title='bbox 160 2481 258 2538; x_wconf 92' lang='lat' dir='ltr'>neque</span> <span class='ocrx_word' id='word_1_184' title='bbox 280 2463 345 2536; x_wconf 87' lang='lat' dir='ltr'>ejus</span> <span class='ocrx_word' id='word_1_185' title='bbox 365 2461 540 2519; x_wconf 86' lang='lat' dir='ltr'>calamitate</span> <span class='ocrx_word' id='word_1_186' title='bbox 562 2461 598 2518; x_wconf 92' lang='lat' dir='ltr'>de</span> <span class='ocrx_word' id='word_1_187' title='bbox 613 2466 701 2518; x_wconf 91' lang='lat' dir='ltr'>tanta</span> <span class='ocrx_word' id='word_1_188' title='bbox 716 2461 873 2535; x_wconf 89' lang='lat' dir='ltr'>voluptate</span> <span class='ocrx_word' id='word_1_189' title='bbox 893 2467 924 2519; x_wconf 91' lang='lat' dir='ltr'>et</span> <span class='ocrx_word' id='word_1_190' title='bbox 945 2468 1047 2538; x_wconf 83' lang='lat' dir='ltr'>gratu·</span> 
     </span>
     <span class='ocr_line' id='line_1_28' title="bbox 159 2541 1045 2617; baseline 0 -17"><span class='ocrx_word' id='word_1_191' title='bbox 159 2543 274 2600; x_wconf 89' lang='lat' dir='ltr'>latione</span> <span class='ocrx_word' id='word_1_192' title='bbox 295 2542 456 2617; x_wconf 89' lang='lat' dir='ltr'>quiequam</span> <span class='ocrx_word' id='word_1_193' title='bbox 477 2541 599 2598; x_wconf 88' lang='lat' dir='ltr'>fortuna</span> <span class='ocrx_word' id='word_1_194' title='bbox 620 2541 817 2599; x_wconf 90' lang='lat' dir='ltr'>deminuerat.</span> <span class='ocrx_word' id='word_1_195' title='bbox 861 2542 902 2612; x_wconf 83' lang='lat' dir='ltr'>Ie,</span> <span class='ocrx_word' id='word_1_196' title='bbox 919 2560 950 2599; x_wconf 90' lang='lat' dir='ltr'>se</span> <span class='ocrx_word' id='word_1_197' title='bbox 972 2560 1045 2616; x_wconf 89' lang='lat' dir='ltr'>prae·</span> 
     </span>
     <span class='ocr_line' id='line_1_29' title="bbox 160 2621 1046 2692; baseline -0.001 -13"><span class='ocrx_word' id='word_1_198' title='bbox 160 2629 256 2692; x_wconf 87' lang='lat' dir='ltr'>sente,</span> <span class='ocrx_word' id='word_1_199' title='bbox 273 2623 309 2678; x_wconf 92' lang='lat' dir='ltr'>de</span> <span class='ocrx_word' id='word_1_200' title='bbox 331 2640 363 2680; x_wconf 85' lang='lat' dir='ltr'>se</span> <span class='ocrx_word' id='word_1_201' title='bbox 384 2629 431 2680; x_wconf 87' lang='lat' dir='ltr'>ter</span> <span class='ocrx_word' id='word_1_202' title='bbox 451 2621 584 2678; x_wconf 89' lang='lat' dir='ltr'>sortibus</span> <span class='ocrx_word' id='word_1_203' title='bbox 606 2621 777 2678; x_wconf 84' lang='lat' dir='ltr'>consultum</span> <span class='ocrx_word' id='word_1_204' title='bbox 798 2621 927 2691; x_wconf 89' lang='lat' dir='ltr'>dicebat,</span> <span class='ocrx_word' id='word_1_205' title='bbox 943 2628 1046 2680; x_wconf 88' lang='lat' dir='ltr'>utrum</span> 
     </span>
     <span class='ocr_line' id='line_1_30' title="bbox 161 2700 1047 2776; baseline 0 -17"><span class='ocrx_word' id='word_1_206' title='bbox 161 2703 224 2776; x_wconf 74' lang='lat' dir='ltr'>igni</span> <span class='ocrx_word' id='word_1_207' title='bbox 242 2702 348 2760; x_wconf 92' lang='lat' dir='ltr'>statim</span> <span class='ocrx_word' id='word_1_208' title='bbox 370 2707 535 2771; x_wconf 86' lang='lat' dir='ltr'>necaretur,</span> <span class='ocrx_word' id='word_1_209' title='bbox 552 2718 591 2757; x_wconf 90' lang='lat' dir='ltr'>an</span> <span class='ocrx_word' id='word_1_210' title='bbox 613 2701 644 2757; x_wconf 93' lang='lat' dir='ltr'>in</span> <span class='ocrx_word' id='word_1_211' title='bbox 666 2700 748 2758; x_wconf 91' lang='lat' dir='ltr'>aliud</span> <span class='ocrx_word' id='word_1_212' title='bbox 770 2706 892 2775; x_wconf 88' lang='lat' dir='ltr'>tempus</span> <span class='ocrx_word' id='word_1_213' title='bbox 913 2719 1047 2759; x_wconf 86' lang='lat' dir='ltr'>reserva·</span> 
     </span>
     <span class='ocr_line' id='line_1_31' title="bbox 160 2780 1100 2842; baseline 0 -1"><span class='ocrx_word' id='word_1_214' title='bbox 160 2790 261 2842; x_wconf 86' lang='lat' dir='ltr'>retur:</span> <span class='ocrx_word' id='word_1_215' title='bbox 285 2782 415 2840; x_wconf 86' lang='lat' dir='ltr'>sortium</span> <span class='ocrx_word' id='word_1_216' title='bbox 430 2781 575 2839; x_wconf 85' lang='lat' dir='ltr'>beneficio</span> <span class='ocrx_word' id='word_1_217' title='bbox 597 2798 628 2838; x_wconf 83' lang='lat' dir='ltr'>se</span> <span class='ocrx_word' id='word_1_218' title='bbox 650 2798 716 2838; x_wconf 89' lang='lat' dir='ltr'>esse</span> <span class='ocrx_word' id='word_1_219' title='bbox 733 2780 922 2838; x_wconf 89' lang='lat' dir='ltr'>incolumem.</span> <span class='ocrx_word' id='word_1_220' title='bbox 967 2781 1046 2839; x_wconf 87' lang='lat' dir='ltr'>Item</span> <span class='ocrx_word' id='word_1_221' title='bbox 1061 2784 1100 2841; x_wconf 86' lang='lat'>30</span> 
     </span>
     <span class='ocr_line' id='line_1_32' title="bbox 161 2861 991 2938; baseline -0.006 -14"><span class='ocrx_word' id='word_1_222' title='bbox 161 2865 288 2924; x_wconf 85' lang='lat' dir='ltr'>Marcus</span> <span class='ocrx_word' id='word_1_223' title='bbox 304 2861 430 2920; x_wconf 89' lang='lat' dir='ltr'>Mettius</span> <span class='ocrx_word' id='word_1_224' title='bbox 444 2867 580 2938; x_wconf 89' lang='lat' dir='ltr'>repertus</span> <span class='ocrx_word' id='word_1_225' title='bbox 596 2867 627 2918; x_wconf 91' lang='lat' dir='ltr'>et</span> <span class='ocrx_word' id='word_1_226' title='bbox 641 2861 680 2918; x_wconf 88' lang='lat' dir='ltr'>ad</span> <span class='ocrx_word' id='word_1_227' title='bbox 695 2879 763 2918; x_wconf 89' lang='lat' dir='ltr'>eum</span> <span class='ocrx_word' id='word_1_228' title='bbox 779 2862 921 2918; x_wconf 90' lang='lat' dir='ltr'>reductus</span> <span class='ocrx_word' id='word_1_229' title='bbox 935 2868 991 2920; x_wconf 88' lang='lat' dir='ltr'>est.</span> 
     </span>
    </p>

    <p class='ocr_par' dir='ltr' id='par_1_4' title="bbox 161 2940 1130 3178">
     <span class='ocr_line' id='line_1_33' title="bbox 201 2940 1045 3016; baseline -0.004 -14"><span class='ocrx_word' id='word_1_230' title='bbox 201 2947 249 3002; x_wconf 79' lang='lat'>54.</span> <span class='ocrx_word' id='word_1_231' title='bbox 275 2943 343 3000; x_wconf 90' lang='lat' dir='ltr'>Hoc</span> <span class='ocrx_word' id='word_1_232' title='bbox 367 2942 471 3016; x_wconf 83' lang='lat' dir='ltr'>proelio</span> <span class='ocrx_word' id='word_1_233' title='bbox 496 2947 581 2999; x_wconf 88' lang='lat' dir='ltr'>trans</span> <span class='ocrx_word' id='word_1_234' title='bbox 604 2941 746 2999; x_wconf 86' lang='lat' dir='ltr'>Rhenum</span> <span class='ocrx_word' id='word_1_235' title='bbox 769 2941 920 3011; x_wconf 71' lang='lat' dir='ltr'>nunciato</span> <span class='ocrx_word' id='word_1_236' title='bbox 945 2940 1045 3013; x_wconf 85' lang='lat' dir='ltr'>Suevi,</span> 
     </span>
     <span class='ocr_line' id='line_1_34' title="bbox 161 3021 1048 3100; baseline -0.006 -17"><span class='ocrx_word' id='word_1_237' title='bbox 161 3025 213 3100; x_wconf 89' lang='lat' dir='ltr'>qui</span> <span class='ocrx_word' id='word_1_238' title='bbox 238 3024 277 3081; x_wconf 89' lang='lat' dir='ltr'>ad</span> <span class='ocrx_word' id='word_1_239' title='bbox 299 3023 380 3098; x_wconf 89' lang='lat' dir='ltr'>ripas</span> <span class='ocrx_word' id='word_1_240' title='bbox 402 3021 504 3080; x_wconf 86' lang='lat' dir='ltr'>Rheni</span> <span class='ocrx_word' id='word_1_241' title='bbox 519 3027 673 3090; x_wconf 89' lang='lat' dir='ltr'>venerant,</span> <span class='ocrx_word' id='word_1_242' title='bbox 690 3021 813 3078; x_wconf 89' lang='lat' dir='ltr'>domum</span> <span class='ocrx_word' id='word_1_243' title='bbox 828 3021 938 3078; x_wconf 85' lang='lat' dir='ltr'>reverti</span> <span class='ocrx_word' id='word_1_244' title='bbox 953 3040 1048 3096; x_wconf 89' lang='lat' dir='ltr'>coepe-</span> 
     </span>
     <span class='ocr_line' id='line_1_35' title="bbox 161 3101 1130 3178; baseline -0.004 -16"><span class='ocrx_word' id='word_1_245' title='bbox 161 3110 250 3162; x_wconf 85' lang='lat' dir='ltr'>runt:</span> <span class='ocrx_word' id='word_1_246' title='bbox 283 3121 358 3178; x_wconf 90' lang='lat' dir='ltr'>quos</span> <span class='ocrx_word' id='word_1_247' title='bbox 387 3102 470 3172; x_wconf 89' lang='lat' dir='ltr'>Ubii,</span> <span class='ocrx_word' id='word_1_248' title='bbox 501 3102 551 3178; x_wconf 90' lang='lat' dir='ltr'>qui</span> <span class='ocrx_word' id='word_1_249' title='bbox 578 3101 709 3176; x_wconf 90' lang='lat' dir='ltr'>proximi</span> <span class='ocrx_word' id='word_1_250' title='bbox 735 3101 879 3158; x_wconf 86' lang='lat' dir='ltr'>Rhenum</span> <span class='ocrx_word' id='word_1_251' title='bbox 902 3101 1045 3171; x_wconf 87' lang='lat' dir='ltr'>incolunt,</span> <span class='ocrx_word' id='word_1_252' title='bbox 1127 3111 1130 3118; x_wconf 77' lang='grc'>’</span> 
     </span>
    </p>
   </div>
   <div class='ocr_carea' id='block_1_3' title="bbox 77 3181 1100 3261">
    <p class='ocr_par' dir='ltr' id='par_1_5' title="bbox 77 3181 1100 3261">
     <span class='ocr_line' id='line_1_36' title="bbox 77 3181 1100 3261; baseline -0.004 -18"><span class='ocrx_word' id='word_1_253' title='bbox 77 3207 79 3215; x_wconf 92' lang='grc'><strong><em>·</em></strong></span> <span class='ocrx_word' id='word_1_254' title='bbox 161 3184 339 3261; x_wconf 82' lang='lat' dir='ltr'>perterritos</span> <span class='ocrx_word' id='word_1_255' title='bbox 360 3181 497 3252; x_wconf 88' lang='lat' dir='ltr'>insecuti,</span> <span class='ocrx_word' id='word_1_256' title='bbox 513 3199 659 3256; x_wconf 78' lang='lat' dir='ltr'>magnum</span> <span class='ocrx_word' id='word_1_257' title='bbox 681 3199 718 3238; x_wconf 84' lang='lat' dir='ltr'>ex</span> <span class='ocrx_word' id='word_1_258' title='bbox 736 3181 784 3238; x_wconf 91' lang='lat' dir='ltr'>his</span> <span class='ocrx_word' id='word_1_259' title='bbox 800 3199 958 3238; x_wconf 90' lang='lat' dir='ltr'>numerum</span> <span class='ocrx_word' id='word_1_260' title='bbox 974 3181 1048 3238; x_wconf 91' lang='lat' dir='ltr'>occi·</span> <span class='ocrx_word' id='word_1_261' title='bbox 1063 3182 1100 3240; x_wconf 77' lang='lat'>35</span> 
     </span>
    </p>
   </div>
   <div class='ocr_carea' id='block_1_4' title="bbox 162 3261 1049 3656">
    <p class='ocr_par' dir='ltr' id='par_1_6' title="bbox 162 3261 1049 3656">
     <span class='ocr_line' id='line_1_37' title="bbox 162 3261 1047 3335; baseline -0.006 -12"><span class='ocrx_word' id='word_1_262' title='bbox 162 3267 279 3323; x_wconf 85' lang='lat' dir='ltr'>derunt.</span> <span class='ocrx_word' id='word_1_263' title='bbox 324 3265 434 3335; x_wconf 77' lang='lat' dir='ltr'>Oaesar,</span> <span class='ocrx_word' id='word_1_264' title='bbox 451 3281 511 3318; x_wconf 93' lang='lat' dir='ltr'>una</span> <span class='ocrx_word' id='word_1_265' title='bbox 531 3269 636 3318; x_wconf 84' lang='lat' dir='ltr'>aestate</span> <span class='ocrx_word' id='word_1_266' title='bbox 658 3261 775 3318; x_wconf 88' lang='lat' dir='ltr'>duobus</span> <span class='ocrx_word' id='word_1_267' title='bbox 795 3261 937 3318; x_wconf 88' lang='lat' dir='ltr'>maximis</span> <span class='ocrx_word' id='word_1_268' title='bbox 959 3261 1047 3318; x_wconf 78' lang='lat' dir='ltr'>hellis</span> 
     </span>
     <span class='ocr_line' id='line_1_38' title="bbox 162 3340 1049 3420; baseline -0.011 -16"><span class='ocrx_word' id='word_1_269' title='bbox 162 3345 318 3415; x_wconf 68' lang='lat' dir='ltr'>conlectis</span> <span class='ocrx_word' id='word_1_270' title='bbox 335 3343 485 3402; x_wconf 86' lang='lat' dir='ltr'>maturius</span> <span class='ocrx_word' id='word_1_271' title='bbox 500 3341 598 3420; x_wconf 88' lang='lat' dir='ltr'>paulo,</span> <span class='ocrx_word' id='word_1_272' title='bbox 615 3359 706 3416; x_wconf 91' lang='lat' dir='ltr'>quam</span> <span class='ocrx_word' id='word_1_273' title='bbox 725 3347 846 3414; x_wconf 88' lang='lat' dir='ltr'>tempus</span> <span class='ocrx_word' id='word_1_274' title='bbox 861 3340 931 3396; x_wconf 91' lang='lat' dir='ltr'>anni</span> <span class='ocrx_word' id='word_1_275' title='bbox 946 3344 1049 3412; x_wconf 87' lang='lat' dir='ltr'>postu·</span> 
     </span>
     <span class='ocr_line' id='line_1_39' title="bbox 163 3416 1047 3498; baseline -0.011 -16"><span class='ocrx_word' id='word_1_276' title='bbox 163 3426 257 3493; x_wconf 89' lang='lat' dir='ltr'>labat,</span> <span class='ocrx_word' id='word_1_277' title='bbox 279 3425 308 3482; x_wconf 89' lang='lat' dir='ltr'>in</span> <span class='ocrx_word' id='word_1_278' title='bbox 332 3424 459 3482; x_wconf 90' lang='lat' dir='ltr'>hiberna</span> <span class='ocrx_word' id='word_1_279' title='bbox 482 3424 514 3480; x_wconf 90' lang='lat' dir='ltr'>in</span> <span class='ocrx_word' id='word_1_280' title='bbox 538 3421 695 3498; x_wconf 86' lang='lat' dir='ltr'>Sequanos</span> <span class='ocrx_word' id='word_1_281' title='bbox 718 3419 882 3476; x_wconf 88' lang='lat' dir='ltr'>exercitum</span> <span class='ocrx_word' id='word_1_282' title='bbox 905 3416 1047 3473; x_wconf 84' lang='lat' dir='ltr'>deduxit:</span> 
     </span>
     <span class='ocr_line' id='line_1_40' title="bbox 164 3494 1047 3578; baseline -0.017 -15"><span class='ocrx_word' id='word_1_283' title='bbox 164 3505 300 3563; x_wconf 91' lang='lat' dir='ltr'>hibernis</span> <span class='ocrx_word' id='word_1_284' title='bbox 328 3504 498 3562; x_wconf 88' lang='lat' dir='ltr'>Labienum</span> <span class='ocrx_word' id='word_1_285' title='bbox 525 3501 706 3578; x_wconf 82' lang='lat' dir='ltr'>praeposuit:</span> <span class='ocrx_word' id='word_1_286' title='bbox 736 3497 854 3572; x_wconf 90' lang='lat' dir='ltr'>ipsein</span> <span class='ocrx_word' id='word_1_287' title='bbox 879 3494 1047 3551; x_wconf 85' lang='lat' dir='ltr'>citeriorem</span> 
     </span>
     <span class='ocr_line' id='line_1_41' title="bbox 166 3577 925 3656; baseline -0.02 -14"><span class='ocrx_word' id='word_1_288' title='bbox 166 3583 297 3642; x_wconf 81' lang='lat' dir='ltr'>Galliam</span> <span class='ocrx_word' id='word_1_289' title='bbox 315 3585 354 3643; x_wconf 82' lang='lat' dir='ltr'>ad</span> <span class='ocrx_word' id='word_1_290' title='bbox 369 3588 537 3643; x_wconf 83' lang='lat' dir='ltr'>conventus</span> <span class='ocrx_word' id='word_1_291' title='bbox 553 3581 688 3656; x_wconf 85' lang='lat' dir='ltr'>agendos</span> <span class='ocrx_word' id='word_1_292' title='bbox 702 3577 856 3653; x_wconf 84' lang='lat' dir='ltr'>proiectus</span> <span class='ocrx_word' id='word_1_293' title='bbox 871 3577 925 3628; x_wconf 81' lang='lat' dir='ltr'>est</span> 
     </span>
    </p>
   </div>
   <div class='ocr_carea' id='block_1_5' title="bbox 0 0 1273 3776">
    <p class='ocr_par' dir='ltr' id='par_1_7' title="bbox 0 0 1273 3776">
     <span class='ocr_line' id='line_1_42' title="bbox 0 0 1273 3776; baseline 0 0"><span class='ocrx_word' id='word_1_294' title='bbox 0 0 1273 3776; x_wconf 95' lang='lat' dir='ltr'> </span> 
     </span>
    </p>
   </div>
  </div>
 </body>
</html>
