2548 3774
199 290 259 357 122
480 307 525 354 111
550 306 671 353 annno
697 304 868 353 satureo.

248 457 351 516 animo
366 457 398 515 in
413 458 525 516 bellum
540 456 733 515 Trevirorum
752 459 783 511 et
797 453 922 511 Ambior
941 455 989 530 gis
1004 455 1124 516 insistit

250 536 437 596 Cavarinum
452 555 520 596 cum
541 536 679 613 equitatu
695 535 846 592 Senonum
863 553 964 592 secum
982 536 1127 611 proficisci

251 617 347 691 jubet,
369 636 407 675 ne
431 618 499 692 quis
522 625 576 675 aut
598 634 634 673 ox
660 616 748 690 hujus
771 615 933 683 iracundia,
950 623 1002 672 aut
1024 635 1061 674 ex
1080 635 1125 687 eo,

249 698 330 771 quod
345 702 503 768 meruerat,
519 697 588 754 odio
603 695 739 754 civitatis
763 703 865 750 motus
886 694 1022 752 exsistat.
1066 696 1126 754 His

213 776 336 836 erebus
358 778 539 846 constitutis,
555 777 634 851 quod
655 792 710 849 pro
729 773 884 850 explorato
900 773 1038 846 habebat,
1054 777 1127 832 Am·

247 855 395 932 biorigem
420 857 525 932 proelio
554 874 613 913 non
642 871 708 911 esse
736 859 986 924 concertaturum,
1012 855 1125 930 reliqua

246 936 310 1010 ejus
321 937 448 994 consilia
462 937 562 993 animo
577 932 843 1008 circumspiciebat.
881 933 977 990 Erant
991 933 1126 1010 Menapii

246 1016 408 1092 propinqui
438 1016 616 1074 Eburonum
645 1013 761 1082 linibus,
785 1013 939 1088 perpetuis
966 1012 1125 1088 paludibus

250 1094 395 1170 silvisque
423 1095 542 1165 muniti,
571 1093 623 1169 qui
651 1093 703 1150 uni
730 1110 767 1148 ex
796 1091 895 1150 Gallia
916 1093 959 1149 'de
987 1111 1059 1168 pace
1087 1093 1125 1152 ad

197 1177 232 1238 10
251 1172 400 1232 Gaesarem
416 1175 533 1250 legatos
547 1190 702 1248 nunquam
716 1171 870 1229 miserant.
915 1171 991 1229 Cum
1005 1172 1043 1230 iis
1058 1191 1125 1230 esse

248 1251 413 1328 hospitium
441 1254 613 1328 Ambiorigi
642 1251 773 1309 sciebat:
803 1251 874 1307 item
904 1268 957 1325 per
982 1251 1124 1310 Treviros

247 1334 366 1391 venisse
390 1333 550 1393 Germanis
571 1332 601 1390 in
625 1331 790 1389 amicitiam
813 1336 1004 1404 cognoverat.
1048 1332 1124 1390 Haec

245 1413 329 1486 prius
357 1413 400 1470 illi
436 1412 623 1470 detrahenda
658 1410 772 1467 auxilia
799 1410 1002 1480 existimabat,
1032 1429 1124 1486 quam

245 1491 344 1566 ipsum
366 1492 445 1550 bello
466 1492 645 1565 lacesseret3
667 1508 704 1547 ne
726 1491 885 1566 desperata
906 1490 1002 1547 saluto
1018 1498 1070 1566 aut
1091 1511 1123 1550 se

194 1577 230 1634 15
246 1571 276 1627 in
298 1572 459 1648 Menapios
481 1572 611 1640 abderet,
629 1577 682 1628 aut
704 1588 771 1627 oum
794 1569 1036 1626 Transrhenanis
1058 1589 1125 1628 con·

245 1652 330 1724 gredi
345 1658 508 1726 cogeretur.
553 1651 620 1708 Hoc
635 1650 710 1707 inito
726 1648 849 1706 consilio
863 1649 958 1706 totius
973 1651 1124 1709 exercitus

244 1730 460 1804 impedimenta
475 1731 513 1789 ad
529 1730 698 1789 Labienum
713 1729 743 1785 in
761 1728 902 1785 Treviros
917 1728 1012 1786 mittit
1035 1731 1124 1788 duas·

244 1828 301 1884 quo
329 1811 463 1885 legiones
492 1811 530 1868 ad
558 1828 626 1867 eum
656 1805 801 1883 proficisci
825 1809 932 1881 jubet:
962 1808 1030 1882 'ipse
1055 1828 1123 1866 cum

244 1888 416 1962 legionibus
437 1891 586 1965 expeditis
607 1890 737 1964 quinque
760 1888 792 1944 in
813 1887 974 1962 Menapios
994 1889 1124 1963 proficis·

192 1972 229 2028 10
244 1968 327 2026 citur.
373 1970 418 2027 llli
438 1970 522 2027 nulla
541 1977 646 2028 coacta
660 1985 761 2038 manu,
774 1967 831 2024 loci
844 1967 984 2041 praesidio
998 1967 1067 2025 freti
1091 1969 1122 2027 iu

244 2047 338 2106 silvas
361 2050 546 2124 paludesque
569 2048 893 2123 confugiuntsuaque
921 2047 1028 2104 eodem
1057 2066 1122 2106 oon-

243 2128 350 2186 ferunt.

260 2272 262 2276 ,
284 2212 308 2268 6.
334 2208 437 2266 Ceasar
449 2208 571 2284 partitis
586 2207 681 2281 copiis
691 2201 758 2264 11111
774 2205 848 2264 Gaio
865 2204 960 2263 Fabio
973 2207 1075 2281 legato
1090 2213 1122 2266 et

244 2287 348 2346 Marco
371 2287 483 2346 (lrasso
503 2293 650 2363 quaestore
675 2286 869 2361 celeriterque
891 2285 1005 2343 effectis
1024 2287 1122 2361 ponti-

190 2370 227 2426 25
243 2368 307 2436 bus,
319 2368 383 2425 adit
398 2367 559 2442 tripartito,
570 2365 695 2423 aedificia
704 2365 845 2440 vicosque
857 2364 998 2437 incendit,
1009 2384 1121 2440 niagno

138 2516 140 2521 .
242 2447 358 2522 pecoris
387 2452 478 2521 atque
503 2446 659 2503 hominum
683 2461 808 2501 numero
829 2444 951 2520 potitur.
1003 2445 1120 2518 Quibus

242 2527 331 2584 rebus
346 2527 442 2583 eoacti
458 2525 591 2598 Menapii
606 2525 724 2598 legatos
744 2523 782 2581 ad
803 2541 869 2581 11111
885 2524 969 2598 pacis
983 2525 1119 2598 potendae

241 2624 333 2664 eausa
349 2606 480 2663 mittunt.
522 2605 578 2664 Ille
600 2604 759 2661 obsidibus
780 2603 910 2679 acceptis
932 2603 1066 2660 hostium
1087 2621 1120 2660 se
1182 2613 1186 2621 ’

242 2685 413 2743 habiturum
440 2702 564 2742 numero
587 2684 750 2754 confirmat,
777 2683 803 2740 si
831 2689 884 2740 aut
908 2683 1118 2758 Ambiorigem

189 2767 226 2824 80
242 2773 294 2821 aut
308 2766 372 2838 ejus
387 2762 505 2838 legatos
523 2763 631 2820 finibus
652 2763 716 2820 suis
737 2763 928 2837 recepissent.
972 2762 1031 2820 His
1053 2781 1120 2821 eon·

240 2843 366 2901 firmatis
387 2845 485 2914 rebus,
502 2843 674 2903 Commium
691 2842 872 2899 Atrebatem
894 2860 960 2899 oum
982 2842 1119 2918 equitatu

241 2923 375 2980 custodis
391 2922 455 2981 loeo
470 2924 500 2981 in
515 2922 668 2999 Menapiis
683 2921 841 2996 relinquit;
856 2922 920 2996 ipse
935 2921 966 2978 in
978 2921 1119 2980 Treviros

240 3002 446 3078 proficiscitur.

281 3084 306 3141 l.
330 3081 410 3138 Dum
433 3079 496 3138 haee
517 3081 667 3141 aCaesare
689 3085 843 3155 geruntur,
859 3079 976 3136 Treviri
998 3081 1119 3154 magnis

188 3161 226 3216 35
240 3161 351 3217 coactis
365 3160 520 3234 peditatus
533 3161 745 3237 equitatusque
757 3158 858 3234 copiis
868 3158 1036 3215 Labienum
1051 3178 1120 3220 cum

239 3256 300 3294 una
320 3238 447 3311 legione,
463 3254 528 3312 quae
550 3237 581 3293 in
601 3255 703 3296 eorum
719 3239 828 3299 finibus
849 3237 1120 3302 hiemaveratado·

240 3318 291 3373 riri
312 3316 479 3390 parabant:
495 3315 617 3389 jamque
639 3318 676 3372 ab
696 3335 732 3374 eo
753 3336 813 3375 non
835 3316 956 3392 longius
971 3316 1120 3376 bidui-via

241 3395 373 3460 aberant,
390 3411 458 3451 cum
481 3393 557 3450 duas
573 3393 691 3450 venisse
713 3394 847 3469 legiones
871 3396 965 3453 missu
988 3395 1120 3456 casaris

240 3479 433 3546 cognoscunt.
490 3470 605 3528 Positis
639 3473 746 3530 castris
773 3491 792 3530 a
819 3475 943 3533 milibus
971 3493 1120 3551 passuum
