2562 3770
483 316 598 366 arana
621 319 815 370 snrrrrrus.
1050 305 1111 374 181

222 467 268 530 17.
292 464 381 540 Atii,
396 467 447 544 qui
461 467 574 526 Alesia
594 469 818 541 obsidebantur,
833 469 987 545 praeterita
1002 470 1059 542 die,

181 565 241 624 qua
256 546 369 605 auxilia
379 564 501 606 snorum
512 554 772 624 exspectaverant,
782 556 962 628 consumpto
977 551 1059 609 omni

180 627 339 697 frumento,
354 628 450 698 inscii,
466 628 539 702 quid
561 629 592 686 in
613 628 724 687 AElduis
745 638 906 704 gereretur,
929 631 1055 690 concilio

181 715 286 766 coacto
313 708 350 766 de
378 709 462 766 exitu
482 707 671 766 fortunarum
692 727 815 768 suarum
836 710 1055 770 consultabant.

180 788 229 846 Ac
244 788 336 846 variis
350 788 439 846 dictis
454 788 621 859 sententiis,
637 807 765 864 quarum
779 806 851 866 pars
864 789 1056 861 deditionem,
1092 793 1109 851 5

180 884 261 943 pars,
276 867 353 926 dum
363 869 443 926 vires
458 874 658 944 suppeterent,
675 869 861 947 eruptionem
883 871 1057 942 censebant,

180 965 241 1005 non
261 948 468 1023 praetereunda
489 949 586 1006 oratio
608 947 780 1025 Critognati
796 949 916 1008 videtur
936 957 1058 1026 propter

179 1029 245 1102 ejus
272 1027 455 1102 singularem
483 1044 519 1086 ac
546 1027 693 1087 nefariam
728 1029 945 1088 crudelitatem.
996 1030 1058 1088 Hic

180 1125 299 1165 summo
308 1106 495 1165 inArvernis
505 1114 590 1166 ortus
601 1109 665 1166 loco
679 1114 711 1167 et
721 1126 838 1184 magnas
853 1110 976 1168 habitus
991 1127 1058 1168 auc·

179 1186 322 1260 toritatis,
339 1191 355 1218 “
366 1186 395 1244 N
398 1186 479 1257 ihil,''
494 1187 600 1264 inquit,
617 1188 682 1247 “de
702 1205 807 1246 eorum
828 1190 980 1248 sententie
998 1191 1058 1249 dic·
1075 1192 1109 1250 lo

178 1273 266 1325 turus
290 1283 367 1338 sum,
390 1265 441 1342 qui
466 1267 674 1343 turpissimam
696 1269 873 1328 servitutem
894 1269 1057 1328 deditionis

178 1348 300 1405 nomine
315 1346 487 1421 appellant;
508 1365 604 1423 neque
619 1347 676 1405 hos
689 1347 845 1406 habendos
866 1349 977 1408 civium
992 1348 1057 1409 loco

178 1444 276 1502 neque
301 1426 340 1485 ad
363 1427 522 1485 concilium
545 1428 733 1486 adhibendos
751 1445 865 1486 censeo.
908 1428 1057 1489 (lumbis

179 1507 255 1564 mihi
279 1524 327 1565 res
351 1507 400 1578 sit,
416 1507 467 1582 qui
490 1508 678 1584 eruptionem
701 1507 847 1583 probant:
876 1525 1003 1584 quorum
1025 1509 1058 1567 in

178 1586 306 1645 consilio
320 1587 455 1645 omnium
467 1593 601 1644 vestrum
616 1603 765 1646 consensu
779 1586 913 1662 pristina
927 1588 1056 1646 residere
1075 1591 1109 1651 15

179 1667 302 1725 virtutis
316 1667 460 1725 memoria
474 1667 602 1726 videtur.
646 1667 751 1726 Animi
766 1673 814 1724 cst
828 1666 888 1724 ista
902 1666 1055 1738 mollities,

178 1763 239 1804 non
254 1747 361 1816 virtus,
376 1745 507 1822 inopiam
521 1746 674 1822 paulisper
687 1747 764 1805 ferre
778 1764 837 1804 non
855 1763 952 1823 posse.
995 1747 1057 1822 Qui

179 1843 211 1884 sc
234 1825 314 1884 ultro
336 1826 426 1884 morti
448 1825 582 1896 offerant,
598 1827 718 1886 facilius
742 1826 938 1902 reperiuntur,
962 1843 1055 1903 quam

178 1906 230 1982 qui
245 1906 378 1964 dolorem
391 1905 543 1982 patienter
557 1907 662 1964 ferant.
704 1907 807 1983 Atque
828 1923 885 1981 ego
900 1905 977 1964 banc
992 1923 1057 1964 sen·

177 1986 304 2044 tentiam
318 1985 476 2061 probarem
487 1985 621 2062 (tant-um
635 1984 713 2062 apud
725 2004 773 2044 mc
784 1986 919 2060 dignitas
931 1990 1055 2062 potest),
1072 1989 1109 2047 10

178 2067 205 2123 si
228 2064 342 2123 nullam
370 2071 570 2141 praeterquam
593 2066 662 2123 vitm
687 2071 798 2123 nostrae
821 2067 972 2139 jacturam
993 2065 1056 2123 deri

178 2145 331 2219 viderem;
352 2146 407 2204 sed
427 2145 459 2202 in
480 2145 605 2204 consilio
626 2144 771 2222 capiendo
789 2162 909 2203 omnem
924 2144 1056 2204 Galliam

178 2225 383 2302 respiciamus,
399 2243 491 2300 quam
513 2226 551 2284 ad
573 2230 708 2282 nostrum
730 2224 876 2283 auxilium
897 2225 1058 2284 concitavi-

179 2322 255 2362 mus.
301 2304 382 2379 Quid
404 2303 560 2362 hominum
582 2304 707 2362 milibus
729 2303 884 2380 octoginta
908 2321 968 2362 uno
991 2304 1056 2364 loco

179 2385 354 2456 interfectis,
369 2385 545 2460 propinquis
562 2384 853 2459 consanguineisque
869 2384 981 2442 nostris
996 2384 1057 2442 ani·
1071 2388 1124 2452 25¹

179 2465 221 2522 mi
250 2465 312 2522 fore
340 2464 530 2533 existimatis,
553 2463 579 2521 si
601 2481 685 2538 paene
709 2464 739 2520 in
759 2464 835 2539 ipsis
857 2464 1056 2522 cadaveribus

179 2545 284 2620 proelio
299 2543 451 2602 decertare
465 2542 633 2619 cogentur?
675 2543 779 2602 Nolite
801 2543 856 2601 hos
872 2549 973 2600 vestro
988 2561 1057 2601 anx·

145 2660 149 2665 ·
180 2625 232 2681 ilio
252 2623 428 2698 exspoliare,
444 2624 494 2698 qui
511 2628 618 2680 vestrae
639 2623 746 2680 salutis
767 2640 860 2681 causa
880 2641 969 2680 suum
983 2623 1059 2698 peri·

179 2705 280 2762 culum
292 2704 502 2778 neglexerunt3
523 2720 578 2760 nce
589 2703 719 2760 stultitia
730 2720 765 2761 ac
776 2702 947 2760 temeritate
957 2710 1057 2760 vestra

181 2790 235 2841 aut
253 2782 346 2840 animi
367 2782 572 2841 imbecillitate
587 2800 706 2841 ornnem
722 2781 851 2842 Galliam
868 2787 1057 2858 prosternere
1073 2786 1109 2843 3⁰

179 2868 211 2921 et
224 2869 376 2937 perpetua
391 2862 532 2919 servituti
547 2863 700 2937 subjicere.
743 2863 803 2933 An,
820 2862 900 2938 quod
918 2862 956 2920 ad
978 2861 1057 2920 diem

180 2960 240 3000 non
250 2947 405 3012 venerunt,
416 2942 453 2999 de
464 2959 566 2999 eorum
578 2941 633 3000 lide
646 2943 874 3018 constantiaque
886 2938 1056 3000 dubitatis?

181 3021 262 3096 Quid
276 3019 372 3096 ergo?
415 3021 570 3080 Romanos
584 3021 614 3079 in
630 3022 690 3080 illis
705 3021 897 3080 ulterioribus
918 3022 1058 3079 munitio-

179 3102 270 3160 nibus
285 3100 415 3159 animine
434 3119 526 3159 causa
548 3101 682 3176 qnotidie
697 3101 826 3160 exerceri
841 3099 981 3177 putatis?
1025 3100 1057 3160 Si

180 3181 300 3239 illorum
323 3181 439 3238 nunciis
460 3180 627 3238 confirmari
649 3198 709 3238 non
731 3181 860 3256 potestis
875 3181 956 3238 omni
973 3179 1054 3238 aditu
1072 3181 1108 3238 at

180 3266 348 3336 presepto3
369 3260 417 3318 his
429 3260 548 3317 utimini
559 3261 688 3318 testibus
701 3261 939 3336 appropinquare
954 3275 1057 3317 eorum

181 3340 364 3412 adventum3
385 3341 470 3413 cnjus
491 3340 532 3396 rei
548 3339 655 3397 timore
677 3340 811 3398 exterriti
832 3339 913 3396 diem
928 3343 1059 3395 noctem-

181 3437 239 3496 que
253 3420 286 3477 in
300 3435 388 3494 opere
401 3425 566 3476 versantur.
611 3419 690 3492 Quid
706 3437 778 3494 ergo
789 3418 845 3475 mci
859 3417 975 3476 consilii
991 3412 1058 3474 esti

182 3498 304 3569 Facere,
320 3498 399 3574 quod
419 3498 512 3570 nostri
536 3500 663 3572 maj0res
685 3515 872 3574 nequaqnam
894 3497 958 3572 pari
980 3494 1059 3552 bollo
