2524 3776
453 298 566 346 maan
590 299 745 350 enimus.
1020 283 1062 349 27

129 453 287 524 propterea
297 449 378 524 quod
389 449 512 525 reliquis
523 455 626 508 tamen
638 450 717 526 iuga
729 451 859 510 facultas
870 450 1010 524 daretur3

130 527 282 602 Sequanis
296 546 377 600 vcro,
392 529 445 606 qui
459 529 538 587 intra
551 529 625 588 lines
640 547 712 588 suos
727 531 918 590 Ariovistum
932 548 1010 590 rece·

128 607 255 682 pissent,
284 626 412 684 quorum
441 610 552 686 oppida
579 610 681 668 omnia
709 610 741 668 in
767 617 920 688 potestate
944 613 1009 688 ejus

128 694 240 759 essent,
256 705 361 746 omnes
376 689 526 748 cruciatus
540 696 642 748 essent
655 690 852 766 perferendi.’'

167 771 215 826 33.
239 768 299 826 His
319 769 409 827 rebus
430 769 571 846 cognitis,
589 769 691 828 Oaeaar
708 770 864 830 Gallorum
886 770 1007 829 animos
1040 771 1059 830 b

128 847 232 904 verbis
252 847 442 908 confirmavit
464 850 675 925 pollicitusque
697 856 752 922 est,
776 851 835 909 sibi
855 868 923 908 eam
944 868 1007 909 ram

127 945 206 985 cnrae
227 929 377 987 futuram:
399 947 544 1004 magnam
567 946 599 987 se
619 928 728 988 habere
751 947 845 1006 spem,
869 935 900 990 et
921 930 1008 989 bene-

127 1005 192 1065 ficio
208 1025 263 1065 suo
278 1013 308 1065 et
323 1010 502 1067 auctoritate
524 1009 688 1068 adductum
704 1010 896 1070 Ariovistum
918 1009 1006 1069 finem

127 1087 245 1162 injuriis
266 1089 424 1147 iacturum.
468 1089 536 1148 Hac
557 1089 693 1148 oratione
715 1089 828 1161 habita,
846 1090 1006 1149 concilium

126 1166 262 1241 dimisit;
282 1175 314 1226 ot
335 1170 499 1226 secundum
520 1187 557 1227 ea
571 1169 674 1227 multa
695 1187 826 1228 roseum
848 1171 1008 1228 hortaban·
1022 1172 1059 1230 1⁰

126 1253 183 1318 tur,
200 1265 292 1323 quare
315 1249 375 1306 sibi
399 1266 467 1307 eam
487 1265 550 1306 rem
569 1250 763 1324 cogitandam
788 1257 819 1308 et
841 1250 1007 1327 suscipien-

125 1327 196 1384 dam
210 1333 349 1402 putaret3
371 1328 402 1385 in
415 1328 522 1406 primis
533 1329 614 1404 quod
624 1329 750 1400 AEduos,
763 1331 870 1388 iratres
881 1348 1007 1390 consan-

125 1407 314 1483 guineosque
337 1425 542 1484 saepenumero
565 1409 603 1466 ab
638 1416 747 1468 senatu
775 1410 951 1487 appellatos,
974 1410 1006 1468 in
1069 1429 1074 1439 ·

124 1487 274 1545 servitute
304 1493 393 1564 atque
422 1489 454 1545 in
483 1489 597 1546 ditione
626 1489 750 1548 videbat
785 1489 1005 1550 Germanorum

124 1567 230 1637 teneri,
245 1585 408 1643 eommque
429 1569 551 1627 obsides
572 1586 639 1626 esse
660 1571 740 1647 apud
760 1570 954 1629 Ariovistum
970 1589 1005 1628 ac
1021 1571 1056 1629 15

126 1645 285 1722 Sequanos
296 1647 502 1723 intelligebat:
525 1649 604 1723 quod
619 1648 650 1706 in
661 1655 747 1708 tanto
760 1650 886 1727 imperio
903 1650 1005 1727 populi

124 1725 258 1784 Romani
273 1727 483 1802 turpissimum
498 1729 557 1786 sibl
572 1734 603 1786 et
614 1730 785 1806 reipublicae
799 1748 865 1789 esse
881 1730 1006 1788 arbitra-

123 1805 221 1864 batur.
259 1806 412 1865 Paulatim
425 1810 525 1866 aut'em
539 1807 706 1867 Germanos
716 1827 910 1868 consuessem
925 1809 1006 1868 Rhe·

124 1903 197 1943 num
211 1887 339 1945 transire
361 1888 437 1946 etin
453 1887 583 1947 Galliam
598 1907 740 1965 magnam
752 1906 856 1948 eorum
871 1890 1005 1948 multitu-

122 1966 224 2023 dinem
237 1967 350 2038 vonire,
369 1968 481 2043 populo
498 1969 637 2026 Romano
651 1970 852 2046 periculosum
865 1970 1003 2028 videbat:
1019 1971 1056 2029 20

123 2063 220 2122 neque
242 2047 300 2104 sibi
322 2047 459 2106 homines
481 2047 560 2106 feros
575 2066 609 2106 ao
623 2049 766 2107 barbaros
781 2056 1004 2124 temperaturos

123 2126 326 2197 existimabat,
338 2127 419 2203 quin,
430 2145 498 2186 cum
513 2145 633 2185 omnem
649 2128 781 2188 Galliam
796 2135 1003 2205 occupassent,

123 2213 157 2263 ut
172 2208 244 2264 ante
261 2207 376 2265 Cimbri
392 2207 580 2283 Teutonique
595 2208 746 2280 fecissent,
762 2210 793 2266 in
815 2209 1003 2286 provinciam

21 2318 23 2322 ·
122 2286 241 2344 exirent
265 2292 355 2362 atque
377 2287 446 2346 inde
468 2287 499 2344 in
522 2288 645 2346 ltaliam
670 2290 902 2363 contenderent3
932 2306 1005 2364 pra·

123 2367 227 2423 sertim
244 2384 312 2424 cum
333 2366 490 2442 Sequanos
506 2387 524 2426 a
546 2368 703 2442 provincia
717 2375 820 2427 nostra
834 2368 1004 2428 Rhodanus
1019 2369 1056 2426 25
1080 2402 1082 2406 ·

122 2445 281 2504 divideret.
325 2447 443 2520 Quibus
457 2448 547 2505 rebus
562 2466 653 2524 quam
665 2449 840 2507 maturrime
852 2465 1007 2507 occurren-

121 2525 195 2583 dum
220 2527 357 2601 putabat.
394 2528 465 2602 Ipso
489 2534 590 2585 autem
615 2528 793 2587 Ariovistus
817 2533 921 2586 tantos
945 2528 1003 2586 sibi

122 2605 257 2682 spiritus,
274 2612 392 2663 tantam
407 2608 615 2682 arrogantiam
626 2614 806 2685 sumpserat,
820 2615 854 2667 ut
864 2609 1004 2666 ferendus

122 2703 182 2743 non
198 2686 358 2743 videretur.

163 2769 208 2824 34.
234 2766 435 2840 Quamobrem
470 2767 584 2841 placuit
612 2767 647 2840 ei,
676 2774 711 2825 ut
738 2768 776 2825 ad
811 2767 1003 2825 Ariovistum
1019 2771 1056 2828 30

124 2845 243 2920 legatos
256 2846 399 2916 mitteret,
415 2846 467 2922 qui
485 2848 523 2904 ab
543 2865 578 2905 eo
600 2848 798 2922 postularent,
814 2847 858 2904 uti
875 2847 1003 2923 aliquem

124 2925 222 2984 locum
247 2926 380 2984 medium
406 2926 564 3002 utriusque
587 2928 736 3002 colloquio
764 2927 897 2985 diceret:
925 2927 1002 2984 velle

123 3023 189 3063 sese
211 3005 247 3063 de
271 3006 425 3082 republica
446 3012 478 3064 et
502 3007 630 3064 summis
650 3007 807 3083 utriusque
830 3007 919 3064 rebus
935 3025 1002 3064 cum

123 3103 158 3143 eo
174 3103 273 3159 agere.
317 3085 355 3143 Ei
376 3085 523 3161 legationi
546 3087 721 3144 Ariovistus
744 3087 917 3161 respondit:
941 3085 1002 3144 “Si

123 3165 195 3239 quid
208 3165 266 3239 ipsi
279 3184 298 3222 a
310 3164 427 3224 Gaesare
439 3183 515 3240 opus
526 3173 615 3235 esset,
629 3184 694 3224 sese
707 3166 826 3224 adeum
842 3172 1003 3224 venturum
1021 3166 1056 3225 35

125 3244 237 3318 fuisse:
258 3244 370 3321 siquid
388 3245 437 3304 ille
453 3263 484 3304 se
500 3246 583 3315 velit,
599 3246 684 3303 illum
700 3246 785 3304 adse
801 3247 903 3304 venire
919 3262 1003 3320 opor-

125 3330 194 3381 tere.
239 3323 390 3383 Praeterea
404 3343 435 3383 sc
450 3343 547 3400 neque
562 3327 627 3383 sine
641 3326 774 3384 exercitu
790 3325 820 3381 in
834 3343 887 3382 eas
902 3331 1004 3399 partes

125 3402 232 3462 Galliae
244 3404 346 3462 venire
362 3406 479 3474 audere,
492 3423 568 3481 quas
584 3404 686 3464 Oaesar
700 3405 886 3479 possiderat3
907 3421 1003 3477 neque

124 3483 288 3540 exercitum
304 3485 368 3542 sine
384 3503 495 3558 magno
510 3489 678 3540 commeatu
701 3489 791 3554 atque
810 3483 1004 3538 emolimento
