2548 3774
180 283 242 349 114
356 351 359 360 ,
449 300 496 346 ns
521 299 641 346 annno
667 297 841 347 aannroo.

229 448 330 526 procul
361 449 551 520 videbantur,
574 466 640 524 quae
669 451 725 506 res'
739 465 859 506 omnem
887 446 1107 507 dubitationem

231 529 380 586 adventus
394 529 548 604 legionum
563 529 686 604 expulit.

270 611 315 666 49.
340 607 420 667 Galli
436 626 466 666 re
481 608 603 683 cognita
617 625 670 684 per
690 607 895 682 exploratores
919 607 1106 665 obsidionem

229 687 411 763 relinquunt,
428 689 466 745 ad
479 687 629 746 Oaesarem
645 688 785 745 omnibus
800 687 1107 763 copiisconteudunt3

197 768 215 826 5
230 783 272 824 eae
284 773 371 824 erant
382 773 565 825 armatorum
577 767 695 825 circiter
706 767 790 824 milia
801 764 969 841 sexaginta.
993 766 1106 834 Cicero,

229 846 303 922 data
325 847 477 918 facultate,
495 846 616 905 Gallum
640 847 678 904 ab
702 846 808 904 eodem
831 847 1002 915 Verticone,
1018 864 1107 920 quem

229 943 323 1000 supra
350 927 638 997 demonstravimus,
667 927 794 1000 repetit;
828 927 880 1001 qui
915 926 1034 983 litteras
1069 925 1107 984 ad

231 1004 381 1062 Gaesarem
407 1006 540 1080 deferat5
571 1005 651 1063 hunc
676 1007 827 1076 admonet,
853 1007 910 1064 iter
931 1013 1018 1063 caute
1043 1004 1108 1062 dili·

229 1093 394 1159 genterque
416 1086 525 1143 faciat:
547 1085 708 1160 perscribit
728 1085 758 1141 in
780 1086 889 1144 litteris
904 1084 1007 1142 hostes
1022 1084 1059 1141 ab
1075 1102 1107 1142 se

178 1164 214 1222 10
229 1164 405 1222 discessisse
433 1182 612 1240 omnemque
635 1165 672 1222 ad
695 1182 766 1221 eum
792 1165 1017 1223 multitudinem
1041 1162 1107 1222 con·

228 1245 364 1302 vertisse.
402 1245 519 1318 Quibus
532 1244 642 1302 litteris
657 1244 775 1302 circiter
789 1245 888 1302 media
902 1251 988 1302 nocte
1004 1243 1107 1303 Caesar

229 1323 330 1380 allatis
351 1341 422 1382 suos
445 1324 517 1382 facit
539 1323 690 1394 certiores,
705 1341 816 1398 eosque
839 1325 878 1382 ad
903 1323 1107 1382 dimicandum

228 1404 328 1461 animo
344 1403 518 1461 confirmat:
540 1410 662 1478 postero
677 1403 724 1460 die
740 1404 804 1461 luce
816 1404 916 1479 prima
927 1410 1030 1461 movet
1044 1421 1108 1461 cas·

227 1487 282 1553 tra,
298 1490 329 1541 et
350 1484 469 1541 circiter
491 1483 575 1541 milia
596 1500 742 1558 passuum
765 1491 896 1558 quatuor
924 1501 1106 1560 progressus

137 1616 139 1620 .
177 1562 212 1619 15
227 1563 431 1620 transvallem
445 1568 476 1620 et
490 1563 588 1620 rivum
603 1562 829 1620 multitudinem
845 1563 977 1620 hostium
992 1563 1108 1636 conspi-

228 1648 321 1700 catur.
364 1643 439 1700 Erat
461 1643 564 1717 magni
586 1643 709 1716 periculi
732 1660 781 1699 res
801 1661 869 1699 oum
891 1643 986 1700 tantis
1011 1642 1105 1716 copiis

227 1720 330 1797 iniquo
344 1721 410 1779 loco
424 1721 575 1780 dimicare.
612 1721 699 1792 Tum,
711 1722 852 1796 quoniam
867 1722 1022 1779 obsidione
1035 1722 1106 1779 libe-

226 1807 327 1857 ratum
349 1801 524 1859 Ciceronem
546 1801 669 1872 sciebat,
691 1819 786 1877 eoque
811 1803 932 1859 omnino
953 1803 1106 1859 remitten-

226 1880 297 1938 dum
323 1881 359 1938 de
382 1881 534 1939 celeritate
561 1881 763 1951 existimabat,
789 1882 934 1950 consedit,
955 1887 987 1938 et
1013 1899 1105 1956 quam

174 1959 211 2015 20
227 1960 397 2034 aequissimo
413 1961 478 2018 loco
489 1967 597 2036 potest,
608 1968 708 2019 castra
720 1963 902 2034 communit3
924 1967 1014 2035 atquc
1032 1961 1103 2032 haec,

226 2039 283 2096 etsi
297 2046 384 2097 erant
398 2041 509 2115 exigua
527 2058 579 2115 per
600 2059 641 2111 se,
659 2041 710 2097 rix
731 2040 886 2098 hominum
908 2040 1024 2096 milium
1040 2059 1106 2116 scp-

226 2123 295 2187 tem,
311 2119 476 2196 praesertim
491 2121 582 2177 nullis
598 2138 664 2177 cum
687 2121 920 2195 impedimentis
937 2126 1038 2177 tamon
1055 2139 1105 2177 an·

225 2200 337 2272 gustiis
352 2200 470 2256 viarum
491 2218 580 2275 qnam
602 2200 733 2257 maxime
754 2205 863 2276 potest,
886 2199 1047 2267 contrahit,
1068 2218 1104 2258 eo

225 2280 359 2349 consilio,
385 2284 420 2337 nt
446 2280 476 2337 in
506 2298 656 2338 summam
684 2280 936 2354 contemptionem
965 2279 1104 2338 hostibus

173 2359 210 2414 25
226 2359 337 2417 veniat.
380 2360 507 2418 Interim
536 2360 775 2434 speculatoribus
803 2359 834 2416 in
862 2377 966 2416 omnes
1001 2366 1104 2435 partes

226 2437 358 2496 dimissis
379 2439 524 2514 explorat,
537 2457 596 2514 quo
611 2439 855 2497 commodissimo
870 2437 977 2496 itinere
993 2439 1104 2496 vallem

226 2519 353 2576 transire
368 2520 473 2594 possit.

265 2600 310 2655 50.
334 2599 380 2656 Eo
395 2598 442 2655 die
456 2597 592 2674 parvulis
606 2597 797 2673 equestribus
806 2597 925 2673 proeliis
941 2598 978 2655 ad
995 2616 1104 2673 aquam

227 2675 324 2746 factis,
340 2677 459 2752 utrique
481 2695 546 2735 sese
562 2695 616 2734 suo
638 2678 702 2735 loco
724 2678 896 2750 continent;
919 2676 1007 2748 Galli,
1023 2678 1102 2753 quod

173 2757 210 2814 30
226 2757 386 2831 ampliores
401 2756 511 2832 copias,
528 2775 594 2832 quae
610 2757 743 2814 nondum
759 2763 970 2828 convenerant,
986 2776 1102 2833 exspec-

225 2835 349 2909 tabant;
372 2835 481 2905 Oaesar,
497 2837 522 2892 si
544 2836 620 2893 forte
641 2837 761 2894 timoris
782 2836 976 2894 simulatione
999 2837 1102 2896 hostes

226 2915 257 2971 in
280 2933 368 2972 suum
391 2915 490 2972 locum
512 2915 619 2973 elicere
641 2923 753 2990 posset,
770 2922 805 2973 ut
827 2917 902 2974 citra
916 2916 1026 2973 vallem
1048 2935 1101 2991 pro

225 2992 333 3052 'castris
348 2995 453 3070 proelio
468 2996 678 3068 contenderet;
700 2996 725 3052 si
747 2995 777 3052 id
790 2995 901 3053 efficere
917 3013 977 3053 non
990 3002 1102 3070 posset,

225 3081 260 3131 ut
274 3075 437 3150 exploratis
452 3075 611 3132 itineribus
632 3075 747 3132 minore
762 3092 830 3132 cum
845 3076 978 3150 periculo
994 3076 1104 3133 vallem

173 3155 210 3212 35
225 3154 383 3230 rivumque
397 3153 548 3212 transiret.
592 3155 695 3211 Prima
716 3154 780 3231 luce
801 3155 934 3212 hostium
949 3157 1104 3230 equitatus

227 3234 264 3290 ad
280 3243 379 3291 castra
394 3234 509 3291 accedit
523 3232 719 3309 proeliumque
735 3251 802 3291 cum
825 3235 937 3291 nostris
951 3235 1104 3310 equitibus

227 3313 395 3370 committit.
440 3311 544 3372 Oaesar
557 3314 695 3371 consulto
717 3314 835 3388 equites
850 3315 952 3372 cedere
968 3332 1058 3390 seque
1074 3315 1104 3370 in

227 3397 328 3448 costra
351 3393 480 3467 recipere
502 3393 608 3466 jubet3
631 3393 719 3450 simul
744 3411 781 3450 ex
806 3396 946 3452 omnibus
966 3395 1105 3470 partibus

228 3477 328 3527 castra
343 3471 447 3529 altiore
463 3472 543 3529 vallo
559 3473 668 3530 muniri
689 3480 852 3548 portasque
874 3475 998 3544 obstrui,
1015 3481 1104 3550 atquo
