2548 3774
163 307 226 371 156
444 321 490 368 nu
515 321 636 368 sunno
662 321 836 370 cnnmco.

215 471 266 530 Sic
287 477 319 530 et
343 470 461 530 Geuabi
483 471 562 530 cade
587 477 619 529 et
642 471 743 529 labore
769 472 867 548 operis
890 471 1009 530 incitati
1032 488 1092 529 nou

213 557 302 609 aetate
313 552 465 623 confectis,
479 569 539 609 nou
550 552 735 620 mulieribus
745 569 806 610 uon
818 552 985 609 infantibus
994 568 1094 625 peper·

213 636 326 688 cerunt.
370 631 507 706 Denique
522 631 603 689 omui
625 649 663 688 ex
683 649 816 700 numero,
832 632 884 707 qui
898 631 958 689 luit
976 631 1094 688 circiter

213 710 415 786 quadraginta
439 711 564 781 milium,
580 711 632 768 vix
654 711 829 785 octingenti,
845 711 897 786 qui
919 711 1015 786 primo
1038 710 1094 767 cla·

180 792 295 849 dmore
319 791 421 849 audito
445 807 478 847 se
492 807 530 848 ex
552 790 662 866 oppido
681 792 838 863 ejecerant,
859 790 1025 849 incolumes
1053 789 1090 846 ad

213 869 494 944 Vercingetorigem
509 876 719 945 pervenerunt.
763 871 847 943 Quos
858 870 908 927 ille
923 871 1018 927 multa
1028 870 1091 942 jam

215 955 302 1006 nocte
318 949 438 1007 silentio
452 967 490 1006 ex
505 949 579 1023 fuga
592 950 709 1025 excepit
720 950 844 1019 veritus,
861 968 897 1007 ne
911 966 972 1024 qua
987 949 1018 1005 iu
1032 965 1093 1006 cas·

215 1029 271 1085 tris
286 1047 323 1086 ex
337 1047 440 1086 eorum
455 1046 601 1086 concursu
618 1035 649 1086 et
663 1029 871 1086 misericordia
885 1029 969 1103 vulgi
984 1028 1092 1086 salitio

213 1108 347 1178 oriretur,
362 1114 397 1165 ut
410 1108 512 1186 procul
535 1109 566 1165 in
581 1108 631 1165 via
645 1107 802 1184 dispositis
816 1108 1015 1166 familiaribus
1029 1107 1092 1164 suis

163 1189 198 1246 10
212 1188 455 1263 principibusque
480 1186 647 1257 civitatum,
670 1187 871 1263 disparandos
893 1187 1092 1246 deducendos-

212 1285 270 1342 que
292 1268 331 1325 ad
352 1284 424 1324 suos
444 1273 571 1336 curaret,
587 1285 653 1342 quae
674 1268 782 1342 cuique
803 1267 919 1324 civitati
941 1284 1011 1343 pars
1032 1284 1092 1324 cas·

214 1353 328 1404 trorum
350 1347 390 1403 ab
411 1346 498 1404 initio
519 1346 691 1404 obvenerat.

254 1429 299 1484 29,
323 1425 448 1483 Postero
464 1427 511 1484 die
533 1426 658 1483 concilio
673 1430 838 1484 convocato
852 1425 1026 1483 consolatus
1047 1443 1092 1482 co

213 1505 410 1580 hortatusque
424 1510 479 1575 est,
495 1523 532 1562 ne
548 1522 580 1562 se
595 1505 757 1563 admodum
772 1506 873 1562 auimo
889 1505 1090 1574 demitterent,

161 1588 197 1644 15
212 1603 249 1641 ne
263 1585 510 1659 perturbarentur
524 1585 731 1642 incommodo:
754 1585 933 1642 nouvirtute
949 1602 1044 1659 neque
1061 1585 1091 1641 iu

213 1666 276 1722 acie
292 1665 401 1722 vicisse
417 1664 581 1730 Romanae,
598 1664 651 1722 sed
666 1664 791 1721 artificio
806 1664 938 1739 quodam
953 1671 984 1721 et
1000 1665 1092 1722 scieu-

212 1745 256 1801 tia
279 1743 523 1819 oppugnationis,
549 1745 633 1818 cujus
657 1744 699 1800 rei
725 1743 836 1801 luerint
861 1744 919 1820 ipsi
943 1743 1091 1819 imperiti3

212 1841 320 1894 errare,
333 1823 359 1880 si
375 1822 470 1898 quiin
485 1822 563 1880 bello
578 1841 683 1880 omues
698 1823 846 1880 secundos
858 1840 956 1880 rerum
967 1839 1092 1898 proven-

212 1909 263 1960 tus
280 1909 472 1978 exspecteut3
494 1902 552 1958 sibi
574 1920 726 1977 uunquam
750 1903 909 1976 placuisse,
926 1902 1091 1959 Avaricum

161 1983 340 2052 recolendi,
356 1983 440 2056 cujus
461 1980 503 2038 rei
524 1987 619 2039 testes
640 1983 722 2057 ipsos
744 1980 887 2053 haberet3
909 1982 962 2038 sed
978 1982 1092 2039 factum

213 2061 416 2136 imprudentia
438 2060 612 2136 Biturigum
639 2067 670 2118 et
693 2061 785 2118 nimia
810 2062 1007 2136 obsequentia
1026 2060 1093 2117 reli·

213 2158 350 2216 quorum,
360 2141 405 2196 uti
421 2139 477 2198 hoc
491 2141 713 2198 incommodum
729 2141 929 2216 acciperetur:
944 2140 974 2197 id
988 2147 1092 2197 tamen

214 2239 246 2276 se
268 2220 402 2284 celeriter
416 2220 579 2293 majoribus
594 2220 760 2277 commodis
782 2229 967 2277 sanaturum.
1010 2219 1090 2276 Nam

214 2318 280 2375 quae
295 2301 333 2357 ab
347 2299 471 2374 reliquis
481 2299 578 2357 Gallis
592 2300 733 2356 civitates
748 2299 952 2368 dissentirent,
965 2299 1020 2356 bas
1036 2317 1091 2356 sua

161 2380 198 2437 25
215 2379 374 2453 diligentia
388 2379 598 2452 adjuncturum
614 2385 704 2453 atque
718 2396 812 2436 uuum
823 2378 981 2437 consilium
996 2379 1091 2436 totius

217 2459 322 2518 Gallia
336 2458 518 2528 effecturum,
535 2459 619 2532 cujus
640 2475 789 2528 consensu
809 2476 846 2516 ne
868 2458 949 2515 orbis
969 2459 1090 2533 quidem

213 2544 359 2595 terrarum
374 2538 472 2612 possit
486 2537 648 2595 obsistere:
670 2537 759 2611 idque
781 2555 813 2594 se
827 2555 920 2613 prope
930 2539 994 2611 jam
1009 2537 1092 2595 effec-

214 2623 280 2676 tum
303 2616 420 2674 habere.
463 2617 584 2674 Interea
606 2634 724 2691 aequum
749 2633 824 2685 esse,
840 2616 939 2674 abiis
961 2635 1090 2674 commu·

213 2698 261 2754 nis
279 2696 387 2754 salutis
404 2714 496 2754 causa
517 2696 730 2787 impetrarint
750 2702 851 2753 castra
870 2696 986 2752 munire
1007 2695 1090 2752 insti·

162 2777 199 2834 30
214 2782 342 2846 tuerent,
366 2793 424 2850 quo
452 2775 570 2833 facilius
598 2776 769 2850 repentinos
792 2775 929 2833 *hostium
959 2775 1089 2851 impetus

126 2873 143 2896 ³
214 2857 405 2914 sustinerent.

253 2938 299 2994 30.
323 2933 395 2991 Fuit
407 2934 469 2991 haec
480 2933 576 2991 oratio
588 2951 646 2990 uon
659 2933 779 3008 ingrata
789 2933 893 3004 Gallis,
905 2938 937 2991 et
950 2934 1087 3001 maxime,

213 3015 293 3089 qnod
308 3015 373 3088 ipse
389 3012 489 3071 anime
504 3031 564 3070 uon
578 3013 729 3070 defecerat
742 3018 829 3070 tauto
844 3019 967 3088 accepto
982 3013 1089 3070 iucom-

213 3094 311 3161 modo,
321 3111 417 3167 neque
429 3111 461 3150 se
474 3093 503 3149 iu
515 3092 664 3150 occultum
677 3092 835 3150 abdiderat
849 3099 881 3150 et
895 3099 1088 3166 conspectum

162 3173 198 3228 85
215 3172 417 3228 multitudiuis
440 3172 576 3243 fugerat3
608 3171 734 3245 plusque
757 3171 858 3228 animo
879 3173 1036 3247 providere
1058 3176 1087 3226 et

213 3249 385 3322 praesentire
406 3249 643 3316 existimabatur,
659 3248 738 3322 quod
753 3250 917 3324 reintegra
932 3253 1027 3324 primo
1048 3251 1086 3306 in·

214 3326 398 3382 uendendum
422 3327 595 3395 Avaricum,
612 3334 681 3400 poet
701 3327 898 3386 deserendum
921 3336 1083 3386 censuerat.

214 3403 323 3476 Itaque
338 3408 372 3458 ut
386 3403 565 3476 reliquorum
582 3404 796 3476 imperatorum
811 3424 858 3463 res
874 3409 1008 3465 adversae
1023 3425 1084 3464 aric-

213 3481 366 3536 toritatom
387 3480 533 3547 minuunt,
556 3481 599 3536 sic
621 3481 708 3554 hujus
729 3502 766 3540 ex
787 3487 938 3543 contrario
954 3487 1084 3560 dignitas
