2524 3776
165 257 208 322 34
436 274 483 321 oa
508 273 628 320 cunno
654 273 828 321 caturco.

216 424 360 494 tudinem,
376 428 410 482 ut
423 424 522 481 socios
543 429 633 500 atque
649 424 760 481 amicos
778 441 838 481 uon
860 423 949 482 modo
963 424 1008 482 sui
1025 425 1099 483 nihil

216 505 386 581 deperdere,
413 505 467 562 sed
495 505 602 578 gratia,
626 504 784 578 dignitate,
807 503 920 561 honore
949 505 1100 563 auctiores

219 584 291 642 velit
305 601 388 641 esse:
410 585 491 658 quod
508 601 578 640 vero
601 583 638 640 ad
656 582 819 640 amicitiam
840 584 943 658 populi
965 584 1099 644 Romani

217 663 401 734 attulissent,
418 664 447 720 id
463 663 499 720 iis
514 663 596 738 oripi,
612 663 680 738 quis
694 663 759 738 pati
772 661 898 739 posset?
961 663 1100 722 Postula-

184 745 262 804 avit
275 743 383 801 deinde
398 743 513 814 eadem,
530 760 595 819 quae
611 744 721 818 legatis
742 743 772 799 in
794 743 948 800 mandatis
964 743 1097 814 dederat,

219 841 256 881 ne
286 830 340 881 aut
377 821 489 880 AEduis
521 831 573 879 aut
594 841 696 880 eorum
718 823 807 880 sociis
828 823 940 880 bellum
961 823 1098 898 inferret3

217 903 337 960 obsides
365 903 521 960 redderet:
551 903 577 958 si
598 903 711 960 nullam
740 908 857 978 partem
880 901 1097 963 Germanorum

216 983 338 1041 domum
359 983 510 1040 remittere
531 990 644 1058 posset,
661 990 693 1039 at
713 1001 750 1039 ne
772 999 846 1058 quos
868 982 996 1059 amplius
1018 984 1099 1042 Rhe

216 1080 288 1119 uum
304 1063 432 1120 transire
447 1068 606 1138 pateretur.

165 1141 200 1200 10
255 1145 300 1200 44.
324 1142 499 1199 Ariovistus
514 1143 552 1199 ad
567 1142 720 1218 postulata
730 1140 859 1200 Oaesaris
869 1160 966 1218 pauca
979 1159 1100 1218 respon·

214 1221 273 1295 dit;
289 1222 325 1278 de
341 1221 406 1278 suis
421 1223 582 1279 virtutibus
598 1222 694 1279 multa
708 1222 896 1297 praedicavit:
914 1222 1098 1280 “Transisse

215 1301 358 1358 Rhenum
373 1319 438 1358 sese
452 1320 511 1358 non
526 1319 581 1358 sua
596 1307 711 1377 sponte,
728 1301 781 1358 sed
803 1308 943 1376 rogatum
958 1307 989 1358 et
1004 1321 1100 1361 arcos-

213 1381 305 1437 situm
321 1380 462 1454 aGallis;
484 1399 544 1438 non
559 1383 622 1439 sine
637 1399 748 1456 magua
764 1399 816 1456 spe
837 1383 1013 1458 magnisque
1027 1400 1099 1458 prce·

213 1461 281 1518 miis
301 1461 423 1518 domum
437 1461 676 1536 propinquosque
691 1461 862 1536 reliquisse3
885 1462 972 1519 sedes
987 1463 1098 1520 habere

164 1542 197 1599 15
213 1540 243 1596 in
260 1541 361 1599 Gallia
382 1541 420 1598 ab
435 1541 507 1616 ipsis
522 1559 697 1614 concessam
713 1541 833 1598 obsides
848 1541 979 1616 ipsorum
995 1543 1098 1600 volun-

213 1625 277 1677 tate
293 1621 399 1693 dat0s;
422 1621 604 1696 stipendium
619 1639 724 1696 capere
735 1623 801 1694 jure
817 1620 895 1690 belli,
911 1622 991 1696 quod
1006 1623 1097 1680 victo·

213 1717 261 1756 res
274 1701 363 1758 victis
384 1700 535 1775 imponere
550 1702 737 1773 consuerint3
758 1718 818 1757 nou
840 1718 905 1757 sese
922 1701 1026 1772 Gallia,
1043 1704 1096 1760 sed

215 1779 319 1838 Gallos
335 1780 393 1837 sibi
409 1780 519 1837 bellum
535 1780 689 1853 intulisse3
711 1797 816 1837 omnes
832 1780 938 1839 Galliae
953 1781 1096 1839 civitates

99 1930 103 1936 Ι
215 1860 252 1916 ad
276 1878 308 1917 se
332 1860 569 1935 oppugnandum
594 1860 723 1930 venisse,
750 1878 784 1917 ao
810 1867 914 1917 contra
938 1878 970 1918 se
995 1869 1096 1919 castra

162 1941 199 1997 20
215 1938 374 2012 babuisse;
397 1957 449 1996 eas
470 1957 575 1996 omues
596 1940 699 2014 copias
722 1958 739 1996 a
761 1957 792 1996 se
815 1958 874 1996 uno
889 1941 995 2014 proelio
1010 1941 1095 1999 susas

215 2037 249 2076 ac
261 2027 420 2094 superatas
432 2037 498 2084 esse
511 2040 517 2093 ;
533 2019 557 2075 si
571 2019 679 2076 iterum
691 2019 818 2093 experiri
829 2019 932 2088 velint,
943 2038 975 2077 sa
987 2021 1094 2079 iterum

215 2105 355 2173 paratum
370 2117 436 2156 esse
452 2099 623 2172 decertare3
646 2099 671 2156 si
686 2117 759 2174 pace
776 2100 821 2156 uti
838 2099 939 2168 velint,
956 2100 1093 2176 iniquum

213 2196 279 2235 esse
302 2179 338 2236 de
361 2179 510 2252 stipendio
532 2197 678 2247 recusare,
698 2179 778 2254 quod
800 2196 856 2235 sua
878 2179 1034 2237 voluntate
1056 2182 1093 2239 ad

213 2257 245 2315 id
265 2265 386 2334 tempus
398 2259 605 2334 pependerint,
649 2259 826 2316 Amicitiam
842 2259 945 2334 populi
962 2259 1094 2317 Romani

161 2339 198 2396 25
216 2338 273 2395 sibi
296 2346 473 2395 ornamento
502 2350 533 2395 et
560 2339 709 2413 praesidio,
733 2356 792 2395 nou
815 2339 1005 2410 detrimento,
1027 2358 1093 2398 esse

216 2424 362 2491 oportere,
377 2419 466 2494 idque
482 2437 513 2475 sc
529 2437 565 2474 ea
587 2436 638 2493 spe
659 2419 782 2493 petisse.
826 2418 857 2475 Si
878 2437 932 2494 per
947 2420 1092 2493 populum

215 2498 390 2555 Romanum
406 2498 589 2573 stipendium
605 2500 784 2567 remittatur,
797 2497 1093 2557 etdeditioiisubtra-

214 2577 332 2647 bantur,
348 2596 409 2635 non
424 2579 523 2634 minus
538 2578 665 2635 libenter
680 2576 745 2634 sese
760 2586 968 2635 recusaturum
989 2580 1091 2654 populi

214 2657 347 2715 Romani
362 2657 526 2714 amicitiam
551 2675 643 2732 quarn
658 2658 824 2732 appetierit.
856 2658 944 2731 Quod
959 2659 1093 2716 multitu·

160 2740 198 2796 30
213 2737 314 2794 dinem
328 2737 546 2795 Germanorum
561 2739 593 2794 in
610 2737 740 2794 Galliam
755 2738 939 2807 transducat,
953 2738 982 2794 id
998 2755 1029 2795 se
1045 2739 1092 2796 sui

130 2865 133 2872 .
212 2817 374 2886 muniendi,
400 2834 460 2874 non
487 2817 592 2874 Galliae
617 2817 830 2892 impugnandae
859 2835 951 2874 causa
980 2817 1091 2891 facereq

213 2898 277 2970 ejus
297 2898 339 2954 rei
362 2897 569 2954 testimonium
591 2914 666 2966 esse,
683 2897 763 2971 quod
795 2897 852 2953 nisi
873 2902 1000 2971 rogatus
1031 2915 1091 2956 non

213 2977 337 3046 venerit,
350 2983 382 3034 et
396 2977 475 3052 quod
492 2976 603 3033 bellum
617 2994 677 3033 non
694 2977 835 3046 intulerit,
846 2977 899 3034 sed
915 2977 1089 3036 defenderit.

216 3054 254 3113 Se
279 3057 363 3130 prius
391 3057 422 3112 iu
448 3056 577 3115 Galliam
603 3055 734 3114 venisse.
755 3075 845 3131 quarn
866 3057 1010 3131 populum
1032 3057 1092 3114 Ro·

161 3139 198 3195 35
215 3153 345 3193 manum.
401 3135 565 3211 Nunquam
595 3141 665 3193 ante
694 3136 750 3193 hoo
779 3142 898 3210 tompus
927 3136 1091 3194 exereitum

212 3215 316 3290 populi
340 3216 472 3273 Romani
497 3215 604 3273 Galliae
636 3216 798 3289 provinciae
825 3215 896 3272 lines
925 3233 1090 3290 egressum.

215 3295 295 3368 Quid
317 3295 375 3353 sibi
396 3293 506 3354 vellet?
550 3294 612 3352 Gur
633 3295 664 3351 in
686 3313 757 3352 suas
780 3295 990 3370 possessiones
1011 3296 1091 3353 veni-

213 3373 281 3432 retl
324 3376 517 3434 Provinciam
541 3392 628 3431 suam
656 3374 733 3432 hauc
757 3393 824 3432 asse
848 3374 988 3446 Galliam,
1012 3375 1091 3434 sicut

213 3453 297 3511 illam
312 3462 452 3514 nostram.
492 3454 536 3512 Ut
551 3453 610 3530 ipsi
625 3455 748 3512 concedi
763 3470 823 3511 non
838 3459 999 3529 oporteret,
1016 3455 1043 3513 si
1058 3457 1090 3514 in
