2548 3774
501 308 614 355 arnna
639 308 792 357 saxeus.
1056 288 1118 352 125

226 464 272 522 10.
294 459 422 519 Interim
436 458 541 535 paucis
552 464 623 533 post
634 459 741 516 diebus
752 458 786 517 fit
795 458 832 515 ab
842 456 931 515 Ubiis
946 455 1063 526 certior,

188 542 304 600 Suevos
320 556 426 598 omnes
448 539 479 595 in
500 556 593 595 unum
616 539 713 596 locum
728 539 832 614 copias
847 554 961 612 cogere,
978 541 1067 611 atque

187 622 223 679 iis
244 620 430 689 nationibus
446 635 512 693 quae
534 619 591 675 sub
605 635 710 676 eorum
731 619 793 676 sint
807 617 940 694 imperio,
957 615 1068 674 denun-

186 698 278 770 ciare,
299 700 345 758 uti
374 698 487 755 auxilia
513 698 668 774 peditatus
695 699 909 773 equitatusque
933 696 1065 753 mittant.

188 780 246 838 His
267 779 402 855 coguitis
416 779 506 836 rebus
522 795 584 834 rem
599 778 828 836 frumentariam
842 776 988 853 providet,
1003 792 1068 833 cas-
1101 777 1119 835 5

186 861 241 918 tris
256 860 397 917 idoneum
414 858 511 916 locum
527 857 643 932 deligit,
657 857 747 915 Ubiis
762 857 898 933 imporat,
911 861 945 914 ut
959 872 1068 930 pecora

186 941 338 998 deducant
353 956 467 1014 suaque
483 937 585 994 omnia
597 937 727 1012 onagris
739 937 770 994 in
781 937 892 1013 oppida
902 935 1066 1005 conserant,

186 1037 313 1095 sperans
340 1019 486 1075 barbaros
510 1025 599 1092 atque
624 1017 781 1092 imperitos
804 1017 942 1074 homines
965 1015 1069 1090 inopia

186 1099 366 1157 cibariorum
380 1098 528 1156 adductos
552 1097 591 1154 ad
605 1097 738 1172 iniquam
754 1096 911 1173 pugnandi
925 1095 1069 1153 conditio·

187 1197 253 1236 nem
275 1196 364 1255 posse
380 1178 505 1236 deduci:
527 1177 660 1246 mandat,
677 1183 711 1234 ut
725 1178 843 1234 crebros
863 1175 1068 1252 exploratores
1086 1178 1120 1235 10

187 1259 216 1316 iu
233 1259 352 1317 Suevos
367 1259 491 1315 mittant
516 1274 640 1332 quaeque
663 1257 743 1331 apud
763 1275 817 1314 eos
838 1261 982 1331 gerantur
1001 1272 1069 1330 cog·

187 1344 321 1396 noscant.
351 1338 401 1396 Illi
416 1339 562 1413 imperata
576 1336 689 1394 faciunt
699 1342 731 1394 et
740 1337 844 1413 paucis
860 1336 966 1394 diebus
980 1335 1069 1392 inter-

187 1419 288 1476 missis
310 1419 450 1488 referunt,
468 1416 585 1474 Suevos
606 1434 719 1485 omnes,
743 1425 941 1493 posteaquam
965 1415 1069 1472 certio-

187 1516 234 1556 res
259 1499 361 1556 nuncii
384 1498 421 1555 de
443 1497 576 1554 exercitu
600 1497 807 1554 Romanorum
833 1495 979 1563 venerint,
999 1511 1067 1552 cum

187 1579 328 1636 omnibus
353 1577 416 1635 suis
440 1577 649 1652 sociorumque
672 1577 774 1650 copiis,
790 1593 866 1651 quas
888 1574 1066 1650 coegissent,
1085 1578 1120 1634 15

187 1659 307 1734 penitus
333 1658 371 1715 ad
396 1663 548 1714 extremos
575 1655 649 1713 lines
674 1674 740 1714 sese
764 1655 929 1731 recepisse:
956 1654 1068 1712 silvam

186 1757 254 1796 esse
276 1737 317 1794 ibi
340 1737 457 1794 infinita
471 1737 691 1811 magnitudine,
706 1754 772 1812 quae
795 1736 964 1812 appellatur
978 1735 1070 1792 Bace-

187 1819 251 1876 nis:
275 1817 353 1875 banc
375 1817 464 1892 louge
486 1817 636 1874 introrsus
658 1816 809 1891 pertinere
833 1823 866 1874 et
886 1832 940 1892 pro
962 1815 1067 1872 nativo

188 1915 274 1956 muro
290 1899 439 1972 obJ'cctam
466 1896 636 1955 Cheruscos
651 1896 689 1953 ab
705 1895 813 1954 Suavis
839 1895 1014 1970 Suevosque
1030 1895 1068 1952 ab

188 1978 350 2036 Cheruscis
382 1977 500 2051 injuriis
522 1977 802 2051 incursionibusque
827 1975 1003 2052 prohibere:
1029 1975 1067 2032 ad
1083 1978 1128 2054 20„

187 2061 251 2133 ejus
272 2057 393 2115 initium
418 2057 503 2114 silvae
527 2055 645 2114 Suevos
670 2057 835 2114 adventum
858 2057 1068 2114 Romanorum

187 2144 362 2212 exspectare
377 2137 580 2195 constituisse.

230 2221 274 2276 ll.
299 2217 447 2291 Quoniam
470 2217 508 2274 ad
528 2215 607 2275 bunc
627 2216 724 2274 locum
741 2222 920 2292 perventum
935 2221 991 2288 cst,
1007 2235 1068 2276 non

188 2299 319 2355 alienum
333 2315 401 2354 esse
417 2297 539 2354 videtur
563 2297 600 2354 de
616 2296 722 2355 Galliae
739 2297 965 2372 Germaniaque
980 2298 1068 2357 mori·

188 2378 252 2446 bus,
269 2383 300 2435 et
321 2395 379 2452 quo
396 2376 536 2434 differant
557 2394 599 2433 eae
620 2377 760 2434 nationes
781 2377 859 2434 inter
873 2395 948 2446 sese,
963 2396 1070 2454 propo
1084 2383 1120 2440 25

189 2473 265 2515 nere.
308 2457 347 2514 In
362 2457 463 2515 Gallia
477 2474 536 2513 non
558 2457 655 2513 solum
677 2457 708 2513 in
730 2457 871 2514 omnibus
891 2458 1068 2516 civitatibus

188 2544 277 2613 atquc
292 2538 324 2593 in
339 2535 479 2593 omnibus
494 2536 582 2612 pagis
596 2536 797 2612 partibusque,
809 2537 860 2593 sed
876 2555 960 2612 paenc
975 2539 1068 2595 etiam

190 2618 220 2674 in
242 2617 371 2692 singulis
393 2616 541 2686 domibus,
557 2617 702 2674 factiones
724 2623 813 2674 sunt:
834 2635 995 2692 earumque
1011 2619 1070 2676 fac·

188 2698 305 2754 tionum
326 2697 477 2772 principes
502 2702 582 2767 sunt,
604 2696 656 2771 qui
682 2713 832 2752 summam
856 2699 1067 2756 auctoritatem

188 2795 292 2834 eorum
303 2777 417 2850 judicio
434 2776 545 2833 babere
559 2777 780 2846 existimantur,
796 2794 924 2851 quorum
940 2778 979 2835 ad
994 2779 1068 2836 arbi·
1084 2785 1121 2841 30

190 2858 280 2914 trium
297 2855 505 2931 judiciumque
527 2873 646 2913 summa
667 2857 801 2914 omnium
818 2874 917 2914 rerum
932 2859 1070 2916 consilio·

188 2953 313 3011 rumque
335 2937 445 2993 redeat.
499 2935 607 3010 Itaque
628 2937 693 3010 ejus
718 2936 760 2992 rei
785 2955 877 2993 causa
900 2939 1068 3014 antiquitus

189 3015 362 3076 institutum
379 3016 506 3083 videtur,
521 3034 558 3072 ne
573 3015 642 3091 quis
661 3034 700 3073 ex
720 3016 807 3090 plebe
822 3022 927 3075 contra
940 3020 1069 3092 potenti·

189 3113 269 3152 orem
286 3095 391 3152 auxilii
406 3100 526 3170 egeret:
548 3113 620 3153 suos
641 3097 722 3152 enim
737 3097 862 3172 quisquc
886 3099 1013 3174 opprimi
1037 3105 1069 3158 et

189 3175 398 3232 circumveniri
428 3193 488 3232 non
515 3176 639 3250 patitur,
662 3194 767 3251 neque,
798 3178 885 3235 aliter
914 3178 939 3235 si
968 3179 1067 3250 faciat,
1083 3181 1120 3238 35

190 3255 281 3312 ullam
304 3255 382 3312 inter
397 3272 468 3312 suos
491 3255 583 3312 habet
606 3258 824 3314 auctoritatem.
868 3257 942 3315 Haee
962 3260 1068 3316 eadem

189 3336 266 3392 ratio
287 3341 335 3392 est
358 3336 388 3391 in
412 3353 532 3391 summa
552 3336 648 3392 totius
665 3336 788 3394 Galliae:
810 3355 940 3412 namque
964 3357 1069 3397 omnes

188 3415 329 3472 civitates
344 3415 375 3471 in
390 3422 491 3488 partes
506 3414 611 3472 divisae
627 3421 699 3473 sunt
713 3417 796 3473 duas

229 3497 274 3554 12.
299 3495 376 3554 Cum
394 3494 496 3552 Caesar
516 3495 545 3550 in
569 3493 698 3552 Galliam
716 3497 807 3566 vonit,
824 3497 948 3553 ulterius
969 3497 1071 3555 factio
