2548 3774
464 311 577 360 erana
601 313 794 362 supernus.
1020 296 1082 360 149

150 461 189 518 ad
204 461 325 538 copiam
340 467 528 520 commeatus
541 463 732 538 praedamque
746 462 920 520 tollendam.
956 459 1030 520 Haec

151 541 177 598 si
199 540 307 616 gravia
328 547 383 599 aut
405 542 512 600 acerba
533 543 700 612 videantur,
715 542 811 600 multo
833 542 885 599 illa
906 542 1030 616 gravius

152 621 313 692 aestimare,
335 622 454 693 liberos
476 623 618 696 conjuges
638 622 670 678 in
691 623 866 679 servitutem
887 621 1030 693 abstrahi,

150 699 235 776 ipsos
249 700 395 774 interfici3
416 718 482 776 quaa
498 701 539 759 sit
553 719 674 759 neeesse
690 702 822 759 accidere
837 701 935 759 victis.

194 781 239 840 15.
263 779 408 858 Omnium
429 798 578 838 consensu
593 781 649 838 hac
664 781 817 838 sententia
829 781 956 855 probata
970 798 1029 837 uno
1067 785 1085 842 5

150 859 201 916 die
224 861 354 934 amplius
375 859 486 934 viginti
506 861 596 918 urbes
621 861 796 935 Biturigum
821 861 1029 918 incenduntur.

152 939 223 997 Hoc
245 940 326 997 idem
349 939 383 996 fit
404 941 435 996 in
459 939 582 1015 reliquis
607 939 788 998 civitatibus.
830 939 867 998 In
893 939 1032 997 omnibus

151 1019 290 1094 partibus
318 1019 458 1076 incendia
485 1019 724 1094 conspiciuntur;
753 1037 818 1095 quae
839 1019 897 1076 etsi
921 1036 1032 1093 magno

152 1116 222 1155 eum
246 1099 348 1156 dolore
371 1115 476 1155 omnes
497 1099 640 1169 ferebant,
656 1105 758 1156 tamen
780 1098 836 1156 hoe
857 1098 915 1155 sibi
931 1097 1031 1156 solatii

151 1179 371 1253 proponebant,
387 1179 467 1252 quod
492 1196 524 1236 se
546 1196 639 1254 prope
661 1179 818 1254 explorata
841 1179 966 1236 victoria
989 1195 1033 1235 ce·
1049 1180 1085 1236 10

152 1258 256 1314 leriter
283 1258 397 1315 amissa
423 1264 651 1333 recuperaturos
675 1257 871 1315 confidebant.
914 1258 1034 1316 Delibe-

153 1349 241 1394 ratur
254 1337 292 1394 de
314 1337 447 1394 Avarico
469 1339 500 1394 in
520 1337 673 1394 communi
688 1337 822 1407 concilio,
837 1337 957 1395 incendi
971 1337 1034 1412 pla-

152 1423 244 1487 ceret,
261 1434 298 1473 an
320 1417 448 1474 defendi.
492 1416 699 1474 Procumbunt
720 1416 859 1474 omnibus
875 1417 971 1476 Gallis
993 1416 1032 1474 ad

152 1497 253 1572 pedes.
262 1496 425 1571 Bituriges,
442 1514 479 1554 ne
499 1496 731 1572 pulcherrimam
747 1514 839 1572 prope
853 1497 948 1554 totius
964 1495 1033 1555 Gal·

153 1577 203 1632 liae
219 1577 331 1646 urbem,
342 1593 408 1651 quae
423 1581 454 1633 et
463 1577 603 1651 presidio
617 1582 648 1634 et
662 1582 838 1633 ornamento
850 1575 890 1632 sit
905 1575 1031 1644 civitati,
1049 1576 1085 1633 15

153 1655 220 1713 suis
241 1656 381 1713 manibus
403 1657 580 1713 succendere
602 1662 795 1730 cogerentur3
817 1654 903 1712 facile
922 1672 954 1712 se
975 1654 1033 1711 loci

153 1741 265 1791 natura
287 1736 462 1793 defensuros
484 1736 595 1806 dieunt,
619 1736 700 1811 quod
721 1753 812 1810 prope
834 1751 872 1792 ex
894 1734 1032 1791 omnibus

152 1814 291 1889 partibus
306 1814 425 1871 flumine
441 1821 472 1872 et
485 1815 594 1891 palude
609 1815 793 1872 circumdata
812 1831 906 1871 unum
921 1813 1034 1871 habeat

153 1903 187 1950 et
206 1900 425 1969 perangustum
450 1894 573 1953 aditum.
617 1895 716 1952 Datur·
739 1894 913 1970 petentibus
935 1893 1031 1963 venia,

155 1973 353 2031 dissuadente
373 1975 470 2048 primo
485 1974 743 2048 Vercingetorige,
762 1979 833 2049 post
852 1973 1032 2031 concedente
1048 1974 1085 2031 20

154 2059 188 2110 et
201 2053 339 2128 precibus
359 2053 493 2128 ipsorum
514 2059 546 2110 et
566 2053 772 2110 misericordia
791 2052 882 2127 vulgi.
925 2053 1034 2110 Defen-

155 2149 241 2190 sores
261 2132 371 2208 oppido
392 2133 491 2190 idonei
512 2133 693 2206 deliguntur.
755 2199 761 2209 1

199 2214 243 2270 16.
267 2212 498 2286 Vercingetorix
518 2212 686 2269 minoribus
708 2211 859 2270 cesarem
875 2210 1033 2268 itineribus

155 2292 351 2368 subsequitur
365 2292 508 2349 stlocum
524 2293 631 2349 eastris
642 2291 749 2366 deligit
762 2291 922 2366 paludibus
937 2292 1034 2348 silvie·

154 2389 214 2445 que
229 2372 389 2441 munitum,
406 2371 444 2428 ab
459 2373 592 2430 Avarico
606 2371 695 2446 longe
709 2371 795 2428 milia
809 2388 954 2446 passuum
970 2389 1033 2427 sex·
1048 2371 1084 2428 25

154 2450 262 2508 decim.
305 2451 353 2508 Ibi
373 2468 426 2526 per
447 2458 545 2508 certos
566 2451 770 2525 exploratores
790 2451 822 2507 in
840 2450 960 2524 singula
974 2450 1032 2507 diei

154 2537 302 2605 tempora,
318 2548 384 2605 quae
401 2530 439 2587 ad
454 2531 620 2588 Avaricum
636 2531 805 2604 agerentur,
822 2531 1031 2604 cognoscebat,

152 2610 275 2684 etquid
290 2609 352 2667 fieri
368 2607 465 2680 veliet,
481 2610 667 2684 imperabat:
690 2627 794 2666 omnes
809 2617 928 2666 nostras
942 2610 1034 2685 pabu-

154 2689 286 2746 lationes
300 2689 608 2764 frumentationesque
620 2689 809 2758 observabat,
822 2689 1032 2765 dispersosque

154 2786 225 2826 eum
241 2768 375 2844 ‘longius
409 2769 576 2826 necessario
609 2769 813 2843 procederent,
841 2769 1033 2826 adoriebatur
1047 2771 1085 2826 30

153 2865 327 2924 magnoque
352 2849 540 2906 incommodo
562 2847 723 2921 affieiebat;
744 2849 811 2919 etsi,
827 2854 973 2923 quantum
989 2867 1034 2904 ra-

151 2927 238 2986 tione
259 2927 410 3003 provideri
431 2933 558 3001 poterat,
575 2928 612 2984 ab
634 2928 745 2985 nostris
766 2929 983 2998 occurrebatur,
999 2934 1029 2984 ut

151 3008 279 3065 incertis
293 3007 479 3082 temporibus
494 3007 680 3082 diversisque
695 3008 855 3064 itineribus
870 3008 971 3065 iretur.

200 3088 242 3148 ii.
267 3086 383 3145 Castris
399 3087 436 3143 ad
451 3105 517 3142 eam
533 3093 649 3160 partem
671 3087 772 3161 oppidi
787 3088 905 3162 positis,
922 3087 1032 3155 Caesar,

151 3177 222 3241 quae
247 3167 420 3223 intermissa
442 3184 461 3223 a
483 3165 604 3223 flumine
627 3173 658 3223 et
681 3185 698 3222 a
723 3167 832 3240 palude
855 3168 980 3236 aditum,
999 3174 1033 3222 ut
1049 3168 1086 3225 35
1156 3203 1158 3206 -

152 3263 248 3319 supra
269 3245 412 3314 diximus
435 3253 598 3318 angustum
621 3245 758 3315 habebat,
781 3263 923 3318 aggerem
945 3263 1033 3320 appa·

151 3343 229 3394 rare,
254 3325 359 3382 vineas
384 3343 480 3398 agere,
505 3333 601 3381 turres
627 3326 703 3381 duas
725 3327 904 3381 constituere
926 3326 1031 3398 eoepit:

150 3421 224 3462 nani
235 3404 461 3462 circumvallare
471 3404 527 3460 loci
539 3411 647 3460 natura
659 3404 844 3476 prohibebat.
877 3404 921 3459 De
935 3421 964 3458 re
977 3405 1034 3457 iru-

149 3485 305 3543 mentaria
320 3484 412 3542 Boios
428 3490 517 3558 atquo
529 3483 647 3539 AEdues
659 3483 810 3538 adhortari
826 3499 886 3538 non
902 3481 1033 3552 destitit3
