2548 3774
466 322 580 369 mssa
604 321 797 369 sarrruus.
1044 303 1107 368 155

175 473 298 532 silentio
324 472 422 530 noctis
446 472 546 531 conati
570 491 630 530 non
653 481 766 546 magna
788 473 908 547 jactura
932 487 1053 528 suorum

175 572 240 611 sese
268 553 427 612 effecturos
456 553 626 628 sperabant,
654 557 813 628 propterea
847 551 927 626 quod
959 568 1055 626 neque

176 634 264 708 longe
287 633 324 690 ab
345 633 462 709 oppido·
475 637 571 690 castra
594 631 849 706 Vercingetorigis
871 631 1004 702 aberant,
1024 636 1056 689 et

175 714 271 790 palus,
288 730 352 788 quae
367 717 514 789 perpetua
526 712 740 781 intercedebat,
753 711 911 769 Romanos
928 711 966 769 ad
980 711 1057 768 inse·

175 793 328 868 quendum
343 792 492 849 tardabat.
535 792 666 866 Jamque
683 791 738 849 hoo
750 791 846 849 iacere
861 797 951 848 noctu
967 807 1055 866 appa·
1088 791 1106 850 5

175 873 294 940 rabant,
320 889 387 928 cum
412 876 526 928 matres
554 871 674 928 familiae
699 877 820 947 repente
849 870 879 926 in
901 870 1054 946 publicum

176 958 388 1027 procurrerunt
412 950 575 1026 flentesque
595 953 734 1026 projectae
755 951 793 1008 ad
819 950 911 1025 pedes
932 967 1055 1007 suorum

178 1031 319 1088 omnibus
345 1031 490 1106 precibus·
512 1031 673 1106 petierunt,
697 1049 733 1087 ne
762 1047 793 1088 se
821 1035 853 1087 et
880 1048 1054 1088 communes

177 1111 288 1168 liberos
317 1108 455 1184 hostibus
484 1111 521 1168 ad
545 1111 726 1187 supplicium
749 1110 901 1179 dederent,
919 1127 995 1185 quos
1017 1110 1055 1167 ad

179 1190 357 1265 capiendam
372 1190 476 1264 fugam
492 1197 608 1248 naturae
623 1197 654 1248 et
669 1189 778 1247 virium
793 1189 951 1247 infirmitas
965 1189 1056 1265 irnpe-
1072 1189 1108 1247 10

177 1271 263 1329 diret.
307 1269 368 1327 Ubi
382 1287 434 1327 cos
449 1269 479 1327 iu
496 1271 647 1328 sententia
660 1275 793 1345 perstare
810 1269 958 1338 viderunt,
974 1269 1054 1344 quod

178 1351 353 1426 plerumque
375 1349 406 1406 in
428 1367 546 1408 summo
560 1351 692 1426 periculo
707 1349 798 1406 timor
818 1349 1056 1406 misericordiam

179 1449 241 1488 non
263 1430 377 1504 recipit,
393 1430 579 1487 conclamare
600 1437 631 1487 et
653 1429 824 1503 significare
839 1429 876 1487 de
898 1429 971 1502 iuga
996 1427 1056 1486 Ro·

178 1510 277 1566 manis
292 1515 451 1585 coeperunt.
496 1509 563 1583 Quo
578 1510 684 1566 timore
699 1507 846 1584 perterriti
863 1507 1002 1578 Gallina
1017 1509 1055 1565 ab

178 1590 315 1664 equitatu
330 1589 539 1646 Romanorum
554 1589 611 1646 viae
626 1593 912 1664 preoccupa-rentur,
929 1587 1055 1645 consilio
1073 1584 1107 1642 15

179 1667 369 1726 destiterunt.

220 1749 265 1808 at.
289 1746 415 1804 Postero
436 1746 484 1804 die
501 1747 765 1822 Oaesar,pr0mota
778 1745 853 1803 turri
874 1745 1054 1821 directisque

179 1826 327 1902 operibus,
339 1843 403 1902 quae
416 1826 512 1884 iacere
524 1827 706 1891 instituerat,
717 1843 828 1900 magno
838 1830 939 1882 coorto
951 1825 1055 1896 imbre,

179 1924 239 1963 non
254 1906 391 1963 inutilem
413 1905 491 1963 hano
506 1906 544 1963 ad
559 1905 735 1980 capiendum
756 1904 914 1962 consiliunt
930 1910 1057 1980 tempes-

179 1992 274 2043 tatem
290 1987 452 2043 arbitratus
466 1991 522 2057 est,
537 1985 617 2061 quod
631 1985 720 2060 paulo
735 1984 885 2042 incautius
900 1985 1056 2043 custodias
1071 1985 1108 2041 20

180 2065 211 2122 in
234 2081 318 2122 muro
341 2065 507 2140 dispositas
530 2065 659 2134 videbat,
676 2067 804 2139 suosque
827 2064 1002 2138 languidius
1024 2065 1055 2120 in

181 2162 268 2221 opere
298 2145 412 2202 versari
435 2145 535 2220 jussit,
559 2151 590 2202 et
617 2145 688 2220 quid
714 2144 775 2201 fieri
801 2144 892 2201 vellet
913 2144 1054 2202 ostendit.

181 2223 333 2298 Legiones
355 2224 435 2280 intra
458 2225 571 2281 vineas
585 2224 615 2280 in
638 2224 754 2282 occulto
774 2224 932 2300 expeditas
955 2224 1058 2282 cohor·

181 2308 271 2372 tatur,
298 2309 332 2360 ut
360 2303 522 2378 aliquando
549 2321 602 2380 pro
631 2303 725 2361 tantis
748 2300 900 2361 laboribus
923 2304 1053 2360 fructum

182 2383 313 2440 victoriae
334 2383 539 2458 perciperent;
561 2383 608 2453 iis,
630 2384 682 2458 qui
704 2383 793 2458 primi
816 2400 935 2439 murum
958 2399 1056 2440 ascen·
1072 2381 1108 2437 25

181 2460 304 2540 dissent,
314 2462 439 2537 praenria
449 2464 605 2538 proposuit
616 2463 823 2538 militibusque
833 2463 953 2536 signnm
963 2462 1054 2520 dedit.

109 2544 112 2549 '
182 2540 230 2598 Illi
245 2541 345 2598 subito
360 2559 397 2598 ex
412 2542 551 2599 omnibus
566 2543 704 2616 partibus
718 2543 916 2600 evolaverunt
927 2559 1056 2598 murum-

182 2639 238 2696 que
253 2620 389 2678 celeriter
403 2621 635 2696 compleverunt.

221 2703 267 2758 28.
291 2700 407 2757 Hostes
431 2717 461 2758 re
486 2718 565 2758 nova
585 2700 743 2776 perterriti,
757 2718 845 2774 muro
864 2699 1057 2774 turribusque

182 2779 296 2855 dejecti,
312 2779 343 2836 in
358 2780 421 2837 loro
443 2798 478 2837 ac
498 2778 573 2838 locis
592 2780 811 2856 patentioribus
826 2779 976 2838 cuneatim
990 2797 1058 2836 con·
1071 2775 1108 2832 30

181 2859 331 2928 stiterunt,
342 2858 398 2916 hoc
409 2860 517 2930 animo,
531 2867 572 2930 ut,
586 2861 612 2916 si
627 2878 686 2936 qua
700 2866 837 2935 exparte
852 2859 973 2917 obviam
988 2877 1055 2916 con·
1154 2859 1160 2869 “

181 2943 228 2996 tra
238 2938 397 3008 veniretur,
411 2939 473 2996 acie
484 2938 631 2997 instructa
642 2939 857 3014 depugnarent.
888 2938 949 2997 Ubi
964 2939 1057 2995 nemi·

181 3035 247 3075 nem
271 3018 303 3075 in
325 3035 442 3092 aequum
463 3018 561 3076 locum
583 3036 649 3077 sese
664 3020 830 3096 demittere,
845 3019 899 3076 sed
919 3024 983 3076 toto
1004 3036 1056 3074 nn-

179 3098 271 3173 dique
284 3114 370 3155 muro
385 3097 582 3155 circumfundi
599 3099 747 3168 viderunt,
764 3099 862 3167 veriti,
878 3116 915 3154 ne
932 3098 1054 3155 omnino

181 3194 250 3252 spes
272 3177 351 3251 fugae
374 3177 535 3245 tolleretur,
549 3177 672 3252 abjectis
695 3178 785 3235 armis
807 3178 931 3234 ultimas
954 3176 1055 3252 oppidi
1072 3175 1107 3231 35

179 3265 283 3332 partes
308 3256 473 3314 continenti
499 3257 613 3332 impetu
637 3258 828 3333 petiverunt3
848 3274 978 3332 parsque
1003 3255 1053 3324 ibi,

180 3353 248 3394 aum
273 3342 404 3410 angusto
428 3337 510 3393 exitu
532 3342 686 3411 portarum
710 3354 741 3393 se
764 3337 822 3409 ipsi
844 3339 1055 3409 premerent,a

180 3415 338 3484 militibus,
354 3433 423 3490 pars
440 3417 501 3490 jam
522 3433 646 3489 egressa
660 3416 756 3490 portis
778 3415 816 3471 ab
836 3413 988 3488 equitibus
1008 3415 1056 3467 est

178 3493 356 3552 interiecta:
378 3512 431 3552 nec
453 3495 509 3552 luit
530 3495 696 3569 quisquam,
712 3494 762 3569 qui
784 3491 890 3568 praedac
912 3490 1046 3547 studeret
