<?xml version="1.0" encoding="UTF-8"?>
<!DOCTYPE html PUBLIC "-//W3C//DTD XHTML 1.0 Transitional//EN"
    "http://www.w3.org/TR/xhtml1/DTD/xhtml1-transitional.dtd">
<html xmlns="http://www.w3.org/1999/xhtml" xml:lang="en" lang="en">
 <head>
  <title>
</title>
<meta http-equiv="Content-Type" content="text/html;charset=utf-8" />
  <meta name='ocr-system' content='tesseract 3.04.00' />
  <meta name='ocr-capabilities' content='ocr_page ocr_carea ocr_par ocr_line ocrx_word'/>
</head>
<body>
  <div class='ocr_page' id='page_1' title='image "./caiijuliicaesar03caesgoog_0081.png"; bbox 0 0 2524 3776; ppageno 0'>
   <div class='ocr_carea' id='block_1_1' title="bbox 434 273 1061 348">
    <p class='ocr_par' dir='ltr' id='par_1_1' title="bbox 434 273 1061 348">
     <span class='ocr_line' id='line_1_1' title="bbox 434 273 1061 348; baseline 0.01 -14"><span class='ocrx_word' id='word_1_1' title='bbox 434 288 547 335; x_wconf 76' lang='lat' dir='ltr'>ursan</span> <span class='ocrx_word' id='word_1_2' title='bbox 576 288 759 348; x_wconf 71' lang='lat' dir='ltr'>Queeros.</span> <span class='ocrx_word' id='word_1_3' title='bbox 1021 273 1061 342; x_wconf 80' lang='grc'>73</span> 
     </span>
    </p>
   </div>
   <div class='ocr_carea' id='block_1_2' title="bbox 130 438 1061 916">
    <p class='ocr_par' dir='ltr' id='par_1_2' title="bbox 130 438 1061 916">
     <span class='ocr_line' id='line_1_2' title="bbox 172 438 1007 516; baseline -0.001 -18"><span class='ocrx_word' id='word_1_4' title='bbox 172 443 198 499; x_wconf 78' lang='lat'>2.</span> <span class='ocrx_word' id='word_1_5' title='bbox 221 438 443 497; x_wconf 79' lang='lat' dir='ltr'><strong>Mercatoribus</strong></span> <span class='ocrx_word' id='word_1_6' title='bbox 463 445 511 497; x_wconf 86' lang='lat' dir='ltr'>est</span> <span class='ocrx_word' id='word_1_7' title='bbox 533 441 572 497; x_wconf 93' lang='lat' dir='ltr'>ad</span> <span class='ocrx_word' id='word_1_8' title='bbox 594 456 647 498; x_wconf 88' lang='lat' dir='ltr'>eos</span> <span class='ocrx_word' id='word_1_9' title='bbox 670 440 771 498; x_wconf 89' lang='lat' dir='ltr'>aditus</span> <span class='ocrx_word' id='word_1_10' title='bbox 785 441 884 516; x_wconf 82' lang='lat' dir='ltr'>magis</span> <span class='ocrx_word' id='word_1_11' title='bbox 904 456 948 511; x_wconf 92' lang='lat' dir='ltr'>eo,</span> <span class='ocrx_word' id='word_1_12' title='bbox 964 447 1007 512; x_wconf 89' lang='lat' dir='ltr'>ut,</span> 
     </span>
     <span class='ocr_line' id='line_1_3' title="bbox 130 519 1008 596; baseline 0.003 -21"><span class='ocrx_word' id='word_1_13' title='bbox 130 538 197 595; x_wconf 83' lang='lat' dir='ltr'>quae</span> <span class='ocrx_word' id='word_1_14' title='bbox 212 519 291 577; x_wconf 89' lang='lat' dir='ltr'>bello</span> <span class='ocrx_word' id='word_1_15' title='bbox 312 520 453 593; x_wconf 81' lang='lat' dir='ltr'>ceperint,</span> <span class='ocrx_word' id='word_1_16' title='bbox 469 519 579 594; x_wconf 91' lang='lat' dir='ltr'>quibus</span> <span class='ocrx_word' id='word_1_17' title='bbox 601 521 743 587; x_wconf 79' lang='lat' dir='ltr'>vendant,</span> <span class='ocrx_word' id='word_1_18' title='bbox 760 519 899 591; x_wconf 85' lang='lat' dir='ltr'>habeant,</span> <span class='ocrx_word' id='word_1_19' title='bbox 916 538 1008 596; x_wconf 90' lang='lat' dir='ltr'>quam</span> 
     </span>
     <span class='ocr_line' id='line_1_4' title="bbox 131 598 1010 676; baseline 0.002 -21"><span class='ocrx_word' id='word_1_20' title='bbox 131 617 191 676; x_wconf 91' lang='lat' dir='ltr'>quo</span> <span class='ocrx_word' id='word_1_21' title='bbox 216 598 310 656; x_wconf 83' lang='lat' dir='ltr'>ullam</span> <span class='ocrx_word' id='word_1_22' title='bbox 333 617 396 656; x_wconf 90' lang='lat' dir='ltr'>rem</span> <span class='ocrx_word' id='word_1_23' title='bbox 423 599 460 656; x_wconf 86' lang='lat' dir='ltr'>ed</span> <span class='ocrx_word' id='word_1_24' title='bbox 485 617 517 656; x_wconf 85' lang='lat' dir='ltr'>se</span> <span class='ocrx_word' id='word_1_25' title='bbox 541 600 697 676; x_wconf 81' lang='lat' dir='ltr'>importari</span> <span class='ocrx_word' id='word_1_26' title='bbox 722 599 908 658; x_wconf 85' lang='lat' dir='ltr'>desiderent:</span> <span class='ocrx_word' id='word_1_27' title='bbox 937 601 1010 676; x_wconf 92' lang='lat' dir='ltr'>quin</span> 
     </span>
     <span class='ocr_line' id='line_1_5' title="bbox 131 678 1008 754; baseline 0 -18"><span class='ocrx_word' id='word_1_28' title='bbox 131 681 225 736; x_wconf 86' lang='lat' dir='ltr'>etiam</span> <span class='ocrx_word' id='word_1_29' title='bbox 249 678 404 753; x_wconf 89' lang='lat' dir='ltr'>jumentis,</span> <span class='ocrx_word' id='word_1_30' title='bbox 429 678 539 754; x_wconf 85' lang='lat' dir='ltr'>quibus</span> <span class='ocrx_word' id='word_1_31' title='bbox 560 679 689 737; x_wconf 80' lang='lat' dir='ltr'>maxime</span> <span class='ocrx_word' id='word_1_32' title='bbox 712 678 813 738; x_wconf 86' lang='lat' dir='ltr'>Gallia</span> <span class='ocrx_word' id='word_1_33' title='bbox 835 679 1008 750; x_wconf 84' lang='lat' dir='ltr'>delectatur,</span> 
     </span>
     <span class='ocr_line' id='line_1_6' title="bbox 132 758 1061 837; baseline 0.001 -21"><span class='ocrx_word' id='word_1_34' title='bbox 132 776 259 835; x_wconf 84' lang='lat' dir='ltr'>qnaeque</span> <span class='ocrx_word' id='word_1_35' title='bbox 280 758 414 834; x_wconf 90' lang='lat' dir='ltr'>impenso</span> <span class='ocrx_word' id='word_1_36' title='bbox 435 764 543 834; x_wconf 86' lang='lat' dir='ltr'>parant</span> <span class='ocrx_word' id='word_1_37' title='bbox 557 759 661 835; x_wconf 89' lang='lat' dir='ltr'>pretio,</span> <span class='ocrx_word' id='word_1_38' title='bbox 678 758 820 818; x_wconf 83' lang='lat' dir='ltr'>Germani</span> <span class='ocrx_word' id='word_1_39' title='bbox 840 760 1008 837; x_wconf 82' lang='lat' dir='ltr'>importatis</span> <span class='ocrx_word' id='word_1_40' title='bbox 1043 759 1061 817; x_wconf 83' lang='lat'><strong>5</strong></span> 
     </span>
     <span class='ocr_line' id='line_1_7' title="bbox 131 838 1012 916; baseline -0.001 -20"><span class='ocrx_word' id='word_1_41' title='bbox 131 857 190 896; x_wconf 85' lang='lat' dir='ltr'>uon</span> <span class='ocrx_word' id='word_1_42' title='bbox 220 843 355 910; x_wconf 89' lang='lat' dir='ltr'>utuntur,</span> <span class='ocrx_word' id='word_1_43' title='bbox 381 838 434 895; x_wconf 86' lang='lat' dir='ltr'>sed</span> <span class='ocrx_word' id='word_1_44' title='bbox 457 855 522 913; x_wconf 81' lang='lat' dir='ltr'>quoe</span> <span class='ocrx_word' id='word_1_45' title='bbox 548 845 619 896; x_wconf 92' lang='lat' dir='ltr'>sunt</span> <span class='ocrx_word' id='word_1_46' title='bbox 642 840 721 914; x_wconf 90' lang='lat' dir='ltr'>apud</span> <span class='ocrx_word' id='word_1_47' title='bbox 745 856 797 896; x_wconf 89' lang='lat' dir='ltr'>eos</span> <span class='ocrx_word' id='word_1_48' title='bbox 818 846 899 909; x_wconf 90' lang='lat' dir='ltr'>nata,</span> <span class='ocrx_word' id='word_1_49' title='bbox 917 857 1012 916; x_wconf 90' lang='lat' dir='ltr'>parva</span> 
     </span>
    </p>
   </div>
   <div class='ocr_carea' id='block_1_3' title="bbox 132 917 1070 2027">
    <p class='ocr_par' dir='ltr' id='par_1_3' title="bbox 132 917 1067 1773">
     <span class='ocr_line' id='line_1_8' title="bbox 132 917 1012 994; baseline 0 -18"><span class='ocrx_word' id='word_1_50' title='bbox 132 925 222 994; x_wconf 83' lang='lat' dir='ltr'>atque</span> <span class='ocrx_word' id='word_1_51' title='bbox 238 918 391 988; x_wconf 79' lang='lat' dir='ltr'>deformia,</span> <span class='ocrx_word' id='word_1_52' title='bbox 404 917 467 975; x_wconf 84' lang='lat' dir='ltr'>haec</span> <span class='ocrx_word' id='word_1_53' title='bbox 482 918 657 993; x_wconf 86' lang='lat' dir='ltr'>quotidiana</span> <span class='ocrx_word' id='word_1_54' title='bbox 670 919 881 976; x_wconf 82' lang='lat' dir='ltr'>exercitatione</span> <span class='ocrx_word' id='word_1_55' title='bbox 903 918 1012 976; x_wconf 87' lang='lat' dir='ltr'>summi</span> 
     </span>
     <span class='ocr_line' id='line_1_9' title="bbox 133 997 1011 1075; baseline 0 -19"><span class='ocrx_word' id='word_1_56' title='bbox 133 1005 166 1056; x_wconf 89' lang='lat' dir='ltr'>ut</span> <span class='ocrx_word' id='word_1_57' title='bbox 187 999 252 1055; x_wconf 88' lang='lat' dir='ltr'>sint</span> <span class='ocrx_word' id='word_1_58' title='bbox 268 997 387 1067; x_wconf 89' lang='lat' dir='ltr'>laboris,</span> <span class='ocrx_word' id='word_1_59' title='bbox 402 997 538 1055; x_wconf 89' lang='lat' dir='ltr'>efficiunt.</span> <span class='ocrx_word' id='word_1_60' title='bbox 582 997 780 1073; x_wconf 82' lang='lat' dir='ltr'>Equestribus</span> <span class='ocrx_word' id='word_1_61' title='bbox 800 999 912 1074; x_wconf 91' lang='lat' dir='ltr'>proeliis</span> <span class='ocrx_word' id='word_1_62' title='bbox 933 1015 1011 1075; x_wconf 82' lang='lat' dir='ltr'>saepe</span> 
     </span>
     <span class='ocr_line' id='line_1_10' title="bbox 132 1073 1012 1154; baseline 0 -19"><span class='ocrx_word' id='word_1_63' title='bbox 132 1096 168 1135; x_wconf 81' lang='lat' dir='ltr'>ex</span> <span class='ocrx_word' id='word_1_64' title='bbox 184 1078 270 1152; x_wconf 88' lang='lat' dir='ltr'>equis</span> <span class='ocrx_word' id='word_1_65' title='bbox 293 1077 436 1134; x_wconf 88' lang='lat' dir='ltr'>desiliunt</span> <span class='ocrx_word' id='word_1_66' title='bbox 451 1095 484 1134; x_wconf 87' lang='lat' dir='ltr'>ec</span> <span class='ocrx_word' id='word_1_67' title='bbox 498 1078 625 1152; x_wconf 88' lang='lat' dir='ltr'>pedibus</span> <span class='ocrx_word' id='word_1_68' title='bbox 645 1077 839 1154; x_wconf 82' lang='lat' dir='ltr'>proeliautnr3</span> <span class='ocrx_word' id='word_1_69' title='bbox 861 1073 1012 1154; x_wconf 84' lang='lat' dir='ltr'>equosque</span> 
     </span>
     <span class='ocr_line' id='line_1_11' title="bbox 133 1157 1065 1234; baseline 0.001 -20"><span class='ocrx_word' id='word_1_70' title='bbox 133 1157 239 1214; x_wconf 92' lang='lat' dir='ltr'>eodem</span> <span class='ocrx_word' id='word_1_71' title='bbox 260 1174 415 1214; x_wconf 88' lang='lat' dir='ltr'>remanere</span> <span class='ocrx_word' id='word_1_72' title='bbox 430 1157 559 1232; x_wconf 80' lang='lat' dir='ltr'>vestigio</span> <span class='ocrx_word' id='word_1_73' title='bbox 581 1158 799 1231; x_wconf 83' lang='lat' dir='ltr'>assuefaciunt3</span> <span class='ocrx_word' id='word_1_74' title='bbox 825 1158 863 1215; x_wconf 93' lang='lat' dir='ltr'>ad</span> <span class='ocrx_word' id='word_1_75' title='bbox 883 1175 959 1234; x_wconf 90' lang='lat' dir='ltr'>quos</span> <span class='ocrx_word' id='word_1_76' title='bbox 980 1175 1012 1215; x_wconf 90' lang='lat' dir='ltr'>se</span> <span class='ocrx_word' id='word_1_77' title='bbox 1029 1159 1065 1216; x_wconf 88' lang='lat' dir='ltr'>lo</span> 
     </span>
     <span class='ocr_line' id='line_1_12' title="bbox 133 1237 1015 1312; baseline 0 -18"><span class='ocrx_word' id='word_1_78' title='bbox 133 1237 278 1306; x_wconf 88' lang='lat' dir='ltr'>celeriter,</span> <span class='ocrx_word' id='word_1_79' title='bbox 295 1254 362 1293; x_wconf 88' lang='lat' dir='ltr'>oum</span> <span class='ocrx_word' id='word_1_80' title='bbox 376 1253 449 1293; x_wconf 87' lang='lat' dir='ltr'>usus</span> <span class='ocrx_word' id='word_1_81' title='bbox 464 1242 520 1306; x_wconf 88' lang='lat' dir='ltr'>est,</span> <span class='ocrx_word' id='word_1_82' title='bbox 535 1237 698 1312; x_wconf 87' lang='lat' dir='ltr'>recipiunt:</span> <span class='ocrx_word' id='word_1_83' title='bbox 721 1255 815 1312; x_wconf 90' lang='lat' dir='ltr'>neque</span> <span class='ocrx_word' id='word_1_84' title='bbox 837 1255 938 1295; x_wconf 87' lang='lat' dir='ltr'>eorum</span> <span class='ocrx_word' id='word_1_85' title='bbox 954 1255 1015 1294; x_wconf 92' lang='lat' dir='ltr'>mo·</span> 
     </span>
     <span class='ocr_line' id='line_1_13' title="bbox 133 1315 1014 1393; baseline -0.002 -18"><span class='ocrx_word' id='word_1_86' title='bbox 133 1318 218 1375; x_wconf 90' lang='lat' dir='ltr'>ribus</span> <span class='ocrx_word' id='word_1_87' title='bbox 238 1316 355 1392; x_wconf 86' lang='lat' dir='ltr'>turpius</span> <span class='ocrx_word' id='word_1_88' title='bbox 376 1315 534 1391; x_wconf 81' lang='lat' dir='ltr'>quicquam</span> <span class='ocrx_word' id='word_1_89' title='bbox 556 1323 608 1374; x_wconf 86' lang='lat' dir='ltr'>aut</span> <span class='ocrx_word' id='word_1_90' title='bbox 625 1317 750 1374; x_wconf 89' lang='lat' dir='ltr'>inertius</span> <span class='ocrx_word' id='word_1_91' title='bbox 772 1317 907 1386; x_wconf 88' lang='lat' dir='ltr'>habetur,</span> <span class='ocrx_word' id='word_1_92' title='bbox 923 1334 1014 1393; x_wconf 88' lang='lat' dir='ltr'>quam</span> 
     </span>
     <span class='ocr_line' id='line_1_14' title="bbox 133 1396 1015 1472; baseline -0.001 -18"><span class='ocrx_word' id='word_1_93' title='bbox 133 1397 284 1472; x_wconf 87' lang='lat' dir='ltr'>ephippiis</span> <span class='ocrx_word' id='word_1_94' title='bbox 299 1396 365 1452; x_wconf 79' lang='lat' dir='ltr'>uti·</span> <span class='ocrx_word' id='word_1_95' title='bbox 394 1397 501 1470; x_wconf 83' lang='lat' dir='ltr'>Itaque</span> <span class='ocrx_word' id='word_1_96' title='bbox 523 1397 563 1452; x_wconf 91' lang='lat' dir='ltr'>ad</span> <span class='ocrx_word' id='word_1_97' title='bbox 576 1397 713 1470; x_wconf 89' lang='lat' dir='ltr'>quemvis</span> <span class='ocrx_word' id='word_1_98' title='bbox 734 1415 890 1454; x_wconf 87' lang='lat' dir='ltr'>numerum</span> <span class='ocrx_word' id='word_1_99' title='bbox 912 1397 1015 1472; x_wconf 83' lang='lat' dir='ltr'>ephip</span> 
     </span>
     <span class='ocr_line' id='line_1_15' title="bbox 133 1474 1013 1554; baseline 0 -21"><span class='ocrx_word' id='word_1_100' title='bbox 133 1477 285 1554; x_wconf 88' lang='lat' dir='ltr'>piatorum</span> <span class='ocrx_word' id='word_1_101' title='bbox 313 1474 456 1550; x_wconf 88' lang='lat' dir='ltr'>equitum,</span> <span class='ocrx_word' id='word_1_102' title='bbox 487 1476 626 1551; x_wconf 90' lang='lat' dir='ltr'>quamvis</span> <span class='ocrx_word' id='word_1_103' title='bbox 655 1477 751 1550; x_wconf 88' lang='lat' dir='ltr'>pauci,</span> <span class='ocrx_word' id='word_1_104' title='bbox 781 1476 863 1533; x_wconf 81' lang='lat' dir='ltr'>adire</span> <span class='ocrx_word' id='word_1_105' title='bbox 893 1477 1013 1534; x_wconf 90' lang='lat' dir='ltr'>audent.</span> 
     </span>
     <span class='ocr_line' id='line_1_16' title="bbox 135 1555 1067 1630; baseline 0 -17"><span class='ocrx_word' id='word_1_106' title='bbox 135 1556 253 1613; x_wconf 92' lang='lat' dir='ltr'>Vinum</span> <span class='ocrx_word' id='word_1_107' title='bbox 274 1555 312 1612; x_wconf 90' lang='lat' dir='ltr'>ad</span> <span class='ocrx_word' id='word_1_108' title='bbox 334 1573 365 1612; x_wconf 91' lang='lat' dir='ltr'>se</span> <span class='ocrx_word' id='word_1_109' title='bbox 381 1555 501 1612; x_wconf 90' lang='lat' dir='ltr'>omnino</span> <span class='ocrx_word' id='word_1_110' title='bbox 516 1555 669 1630; x_wconf 87' lang='lat' dir='ltr'>importari</span> <span class='ocrx_word' id='word_1_111' title='bbox 684 1573 743 1612; x_wconf 86' lang='lat' dir='ltr'>nou</span> <span class='ocrx_word' id='word_1_112' title='bbox 759 1556 869 1616; x_wconf 85' lang='lat' dir='ltr'>sinunt.</span> <span class='ocrx_word' id='word_1_113' title='bbox 886 1556 965 1630; x_wconf 93' lang='lat' dir='ltr'>quod</span> <span class='ocrx_word' id='word_1_114' title='bbox 979 1572 1016 1612; x_wconf 87' lang='lat' dir='ltr'>ee</span> <span class='ocrx_word' id='word_1_115' title='bbox 1031 1555 1067 1613; x_wconf 87' lang='lat'>15</span> 
     </span>
     <span class='ocr_line' id='line_1_17' title="bbox 135 1635 1017 1710; baseline -0.001 -17"><span class='ocrx_word' id='word_1_116' title='bbox 135 1653 166 1693; x_wconf 88' lang='lat' dir='ltr'>re</span> <span class='ocrx_word' id='word_1_117' title='bbox 182 1637 222 1693; x_wconf 88' lang='lat' dir='ltr'>ad</span> <span class='ocrx_word' id='word_1_118' title='bbox 237 1635 371 1692; x_wconf 87' lang='lat' dir='ltr'>laborem</span> <span class='ocrx_word' id='word_1_119' title='bbox 383 1635 538 1692; x_wconf 82' lang='lat' dir='ltr'>ferendum</span> <span class='ocrx_word' id='word_1_120' title='bbox 553 1636 758 1693; x_wconf 87' lang='lat' dir='ltr'>remollescere</span> <span class='ocrx_word' id='word_1_121' title='bbox 774 1635 912 1692; x_wconf 89' lang='lat' dir='ltr'>homiues</span> <span class='ocrx_word' id='word_1_122' title='bbox 928 1641 1017 1710; x_wconf 88' lang='lat' dir='ltr'>etque</span> 
     </span>
     <span class='ocr_line' id='line_1_18' title="bbox 135 1714 505 1773; baseline -0.003 0"><span class='ocrx_word' id='word_1_123' title='bbox 135 1715 301 1773; x_wconf 83' lang='lat' dir='ltr'>effeminari</span> <span class='ocrx_word' id='word_1_124' title='bbox 315 1714 505 1772; x_wconf 84' lang='lat' dir='ltr'>arbitrentur.</span> 
     </span>
    </p>

    <p class='ocr_par' dir='ltr' id='par_1_4' title="bbox 136 1794 1070 2027">
     <span class='ocr_line' id='line_1_19' title="bbox 177 1794 1049 1870; baseline -0.005 -18"><span class='ocrx_word' id='word_1_125' title='bbox 177 1799 203 1852; x_wconf 86' lang='grc'>3.</span> <span class='ocrx_word' id='word_1_126' title='bbox 228 1794 352 1851; x_wconf 89' lang='lat' dir='ltr'>Publice</span> <span class='ocrx_word' id='word_1_127' title='bbox 373 1794 535 1851; x_wconf 82' lang='lat' dir='ltr'>maximam</span> <span class='ocrx_word' id='word_1_128' title='bbox 557 1800 666 1870; x_wconf 90' lang='lat' dir='ltr'>putant</span> <span class='ocrx_word' id='word_1_129' title='bbox 687 1811 754 1851; x_wconf 87' lang='lat' dir='ltr'>csse</span> <span class='ocrx_word' id='word_1_130' title='bbox 776 1794 905 1864; x_wconf 90' lang='lat' dir='ltr'>laudem,</span> <span class='ocrx_word' id='word_1_131' title='bbox 927 1811 1017 1870; x_wconf 89' lang='lat' dir='ltr'>quam</span> <span class='ocrx_word' id='word_1_132' title='bbox 1046 1840 1049 1848; x_wconf 95' lang='lat'><em>.</em></span> 
     </span>
     <span class='ocr_line' id='line_1_20' title="bbox 136 1873 1019 1950; baseline -0.001 -19"><span class='ocrx_word' id='word_1_133' title='bbox 136 1873 286 1932; x_wconf 87' lang='lat' dir='ltr'>latissime</span> <span class='ocrx_word' id='word_1_134' title='bbox 302 1891 320 1930; x_wconf 92' lang='lat' dir='ltr'>a</span> <span class='ocrx_word' id='word_1_135' title='bbox 335 1874 397 1930; x_wconf 90' lang='lat' dir='ltr'>suis</span> <span class='ocrx_word' id='word_1_136' title='bbox 412 1873 521 1930; x_wconf 92' lang='lat' dir='ltr'>finibus</span> <span class='ocrx_word' id='word_1_137' title='bbox 535 1893 643 1931; x_wconf 84' lang='lat' dir='ltr'>vacere</span> <span class='ocrx_word' id='word_1_138' title='bbox 659 1891 766 1948; x_wconf 85' lang='lat' dir='ltr'>agros:</span> <span class='ocrx_word' id='word_1_139' title='bbox 789 1874 846 1932; x_wconf 87' lang='lat' dir='ltr'>hoc</span> <span class='ocrx_word' id='word_1_140' title='bbox 859 1893 891 1932; x_wconf 88' lang='lat' dir='ltr'>re</span> <span class='ocrx_word' id='word_1_141' title='bbox 907 1873 1019 1950; x_wconf 85' lang='lat' dir='ltr'>signiti-</span> 
     </span>
     <span class='ocr_line' id='line_1_21' title="bbox 136 1953 1070 2027; baseline 0 -16"><span class='ocrx_word' id='word_1_142' title='bbox 136 1955 198 2011; x_wconf 90' lang='lat' dir='ltr'>cari</span> <span class='ocrx_word' id='word_1_143' title='bbox 219 1970 363 2027; x_wconf 84' lang='lat' dir='ltr'>magnum</span> <span class='ocrx_word' id='word_1_144' title='bbox 384 1971 541 2010; x_wconf 89' lang='lat' dir='ltr'>numerum</span> <span class='ocrx_word' id='word_1_145' title='bbox 562 1954 731 2011; x_wconf 86' lang='lat' dir='ltr'>civitatium</span> <span class='ocrx_word' id='word_1_146' title='bbox 751 1971 837 2011; x_wconf 87' lang='lat' dir='ltr'>snam</span> <span class='ocrx_word' id='word_1_147' title='bbox 853 1955 913 2011; x_wconf 91' lang='lat' dir='ltr'>vim</span> <span class='ocrx_word' id='word_1_148' title='bbox 930 1953 1018 2012; x_wconf 85' lang='lat' dir='ltr'>susti·</span> <span class='ocrx_word' id='word_1_149' title='bbox 1033 1955 1070 2011; x_wconf 77' lang='lat'>20</span> 
     </span>
    </p>
   </div>
   <div class='ocr_carea' id='block_1_4' title="bbox 54 2033 1017 2107">
    <p class='ocr_par' dir='ltr' id='par_1_5' title="bbox 54 2033 1017 2107">
     <span class='ocr_line' id='line_1_22' title="bbox 54 2033 1017 2107; baseline 0 -16"><span class='ocrx_word' id='word_1_150' title='bbox 54 2065 56 2068; x_wconf 95' lang='lat'>·</span> <span class='ocrx_word' id='word_1_151' title='bbox 137 2051 208 2091; x_wconf 89' lang='lat' dir='ltr'>nere</span> <span class='ocrx_word' id='word_1_152' title='bbox 236 2050 297 2090; x_wconf 91' lang='lat' dir='ltr'>non</span> <span class='ocrx_word' id='word_1_153' title='bbox 323 2050 420 2107; x_wconf 87' lang='lat' dir='ltr'>posse.</span> <span class='ocrx_word' id='word_1_154' title='bbox 464 2033 570 2106; x_wconf 80' lang='lat' dir='ltr'>Itaque</span> <span class='ocrx_word' id='word_1_155' title='bbox 596 2051 656 2090; x_wconf 90' lang='lat' dir='ltr'>una</span> <span class='ocrx_word' id='word_1_156' title='bbox 680 2051 717 2090; x_wconf 86' lang='lat' dir='ltr'>ex</span> <span class='ocrx_word' id='word_1_157' title='bbox 739 2039 832 2107; x_wconf 84' lang='lat' dir='ltr'>parte,</span> <span class='ocrx_word' id='word_1_158' title='bbox 857 2051 875 2090; x_wconf 88' lang='lat' dir='ltr'>a</span> <span class='ocrx_word' id='word_1_159' title='bbox 900 2033 1017 2102; x_wconf 79' lang='lat' dir='ltr'>SueviS,</span> 
     </span>
    </p>
   </div>
   <div class='ocr_carea' id='block_1_5' title="bbox 138 2111 1075 3542">
    <p class='ocr_par' dir='ltr' id='par_1_6' title="bbox 138 2111 1074 2906">
     <span class='ocr_line' id='line_1_23' title="bbox 138 2111 1015 2188; baseline -0.001 -17"><span class='ocrx_word' id='word_1_160' title='bbox 138 2113 256 2172; x_wconf 88' lang='lat' dir='ltr'>circiter</span> <span class='ocrx_word' id='word_1_161' title='bbox 267 2111 352 2169; x_wconf 86' lang='lat' dir='ltr'>milia</span> <span class='ocrx_word' id='word_1_162' title='bbox 365 2129 509 2188; x_wconf 87' lang='lat' dir='ltr'>passuum</span> <span class='ocrx_word' id='word_1_163' title='bbox 522 2119 662 2170; x_wconf 85' lang='lat' dir='ltr'>sexcenta</span> <span class='ocrx_word' id='word_1_164' title='bbox 673 2113 738 2188; x_wconf 82' lang='lat' dir='ltr'>agri</span> <span class='ocrx_word' id='word_1_165' title='bbox 751 2131 856 2170; x_wconf 89' lang='lat' dir='ltr'>vacare</span> <span class='ocrx_word' id='word_1_166' title='bbox 868 2113 1015 2171; x_wconf 89' lang='lat' dir='ltr'>dicuutur.</span> 
     </span>
     <span class='ocr_line' id='line_1_24' title="bbox 139 2191 1020 2268; baseline 0 -18"><span class='ocrx_word' id='word_1_167' title='bbox 139 2193 191 2250; x_wconf 88' lang='lat' dir='ltr'>Ad</span> <span class='ocrx_word' id='word_1_168' title='bbox 219 2191 346 2248; x_wconf 88' lang='lat' dir='ltr'>alteram</span> <span class='ocrx_word' id='word_1_169' title='bbox 372 2197 488 2266; x_wconf 89' lang='lat' dir='ltr'>partem</span> <span class='ocrx_word' id='word_1_170' title='bbox 517 2192 681 2249; x_wconf 84' lang='lat' dir='ltr'>succedunt</span> <span class='ocrx_word' id='word_1_171' title='bbox 708 2192 789 2262; x_wconf 86' lang='lat' dir='ltr'>Ubii,</span> <span class='ocrx_word' id='word_1_172' title='bbox 812 2210 939 2268; x_wconf 92' lang='lat' dir='ltr'>quorum</span> <span class='ocrx_word' id='word_1_173' title='bbox 962 2193 1020 2250; x_wconf 86' lang='lat' dir='ltr'>fuit</span> 
     </span>
     <span class='ocr_line' id='line_1_25' title="bbox 139 2270 1021 2347; baseline -0.003 -16"><span class='ocrx_word' id='word_1_174' title='bbox 139 2273 247 2331; x_wconf 83' lang='lat' dir='ltr'>civitas</span> <span class='ocrx_word' id='word_1_175' title='bbox 263 2271 363 2346; x_wconf 83' lang='lat' dir='ltr'>ample</span> <span class='ocrx_word' id='word_1_176' title='bbox 385 2279 475 2346; x_wconf 87' lang='lat' dir='ltr'>atque</span> <span class='ocrx_word' id='word_1_177' title='bbox 491 2270 608 2342; x_wconf 90' lang='lat' dir='ltr'>florens,</span> <span class='ocrx_word' id='word_1_178' title='bbox 623 2278 658 2329; x_wconf 88' lang='lat' dir='ltr'>ut</span> <span class='ocrx_word' id='word_1_179' title='bbox 672 2277 719 2329; x_wconf 88' lang='lat' dir='ltr'>est</span> <span class='ocrx_word' id='word_1_180' title='bbox 734 2278 841 2347; x_wconf 87' lang='lat' dir='ltr'>eaptus</span> <span class='ocrx_word' id='word_1_181' title='bbox 856 2273 1021 2331; x_wconf 84' lang='lat' dir='ltr'>Germano-</span> 
     </span>
     <span class='ocr_line' id='line_1_26' title="bbox 139 2351 1072 2427; baseline -0.003 -17"><span class='ocrx_word' id='word_1_182' title='bbox 139 2370 215 2421; x_wconf 89' lang='lat' dir='ltr'>rum,</span> <span class='ocrx_word' id='word_1_183' title='bbox 231 2358 263 2408; x_wconf 89' lang='lat' dir='ltr'>et</span> <span class='ocrx_word' id='word_1_184' title='bbox 276 2351 365 2427; x_wconf 88' lang='lat' dir='ltr'>paulo</span> <span class='ocrx_word' id='word_1_185' title='bbox 381 2357 452 2408; x_wconf 89' lang='lat' dir='ltr'>sunt</span> <span class='ocrx_word' id='word_1_186' title='bbox 466 2351 600 2424; x_wconf 86' lang='lat' dir='ltr'>ejusdem</span> <span class='ocrx_word' id='word_1_187' title='bbox 624 2352 741 2425; x_wconf 87' lang='lat' dir='ltr'>generis</span> <span class='ocrx_word' id='word_1_188' title='bbox 759 2353 865 2410; x_wconf 88' lang='lat' dir='ltr'>ceteris</span> <span class='ocrx_word' id='word_1_189' title='bbox 886 2351 1021 2409; x_wconf 90' lang='lat' dir='ltr'>humani·</span> <span class='ocrx_word' id='word_1_190' title='bbox 1035 2352 1072 2408; x_wconf 79' lang='lat'>25</span> 
     </span>
     <span class='ocr_line' id='line_1_27' title="bbox 140 2430 1021 2506; baseline -0.003 -17"><span class='ocrx_word' id='word_1_191' title='bbox 140 2449 226 2504; x_wconf 89' lang='lat' dir='ltr'>ores;</span> <span class='ocrx_word' id='word_1_192' title='bbox 247 2437 405 2506; x_wconf 89' lang='lat' dir='ltr'>propterea</span> <span class='ocrx_word' id='word_1_193' title='bbox 426 2431 506 2506; x_wconf 88' lang='lat' dir='ltr'>quod</span> <span class='ocrx_word' id='word_1_194' title='bbox 528 2430 670 2488; x_wconf 88' lang='lat' dir='ltr'>Rhenum</span> <span class='ocrx_word' id='word_1_195' title='bbox 693 2432 858 2505; x_wconf 73' lang='lat' dir='ltr'>attingunt,</span> <span class='ocrx_word' id='word_1_196' title='bbox 880 2432 1021 2488; x_wconf 88' lang='lat' dir='ltr'>multum-</span> 
     </span>
     <span class='ocr_line' id='line_1_28' title="bbox 140 2511 1022 2588; baseline -0.001 -20"><span class='ocrx_word' id='word_1_197' title='bbox 140 2531 197 2588; x_wconf 91' lang='lat' dir='ltr'>que</span> <span class='ocrx_word' id='word_1_198' title='bbox 227 2511 265 2568; x_wconf 86' lang='lat' dir='ltr'>ad</span> <span class='ocrx_word' id='word_1_199' title='bbox 292 2528 344 2567; x_wconf 90' lang='lat' dir='ltr'>eos</span> <span class='ocrx_word' id='word_1_200' title='bbox 371 2516 553 2568; x_wconf 87' lang='lat' dir='ltr'>mercatores</span> <span class='ocrx_word' id='word_1_201' title='bbox 578 2511 738 2582; x_wconf 86' lang='lat' dir='ltr'>ventitant,</span> <span class='ocrx_word' id='word_1_202' title='bbox 764 2518 796 2568; x_wconf 88' lang='lat' dir='ltr'>et</span> <span class='ocrx_word' id='word_1_203' title='bbox 819 2511 877 2586; x_wconf 89' lang='lat' dir='ltr'>ipsi</span> <span class='ocrx_word' id='word_1_204' title='bbox 900 2516 1022 2586; x_wconf 87' lang='lat' dir='ltr'>propter</span> 
     </span>
     <span class='ocr_line' id='line_1_29' title="bbox 140 2590 1020 2667; baseline 0 -19"><span class='ocrx_word' id='word_1_205' title='bbox 140 2590 399 2667; x_wconf 88' lang='lat' dir='ltr'>propinquitatem</span> <span class='ocrx_word' id='word_1_206' title='bbox 429 2591 555 2649; x_wconf 83' lang='lat' dir='ltr'>Gallicis</span> <span class='ocrx_word' id='word_1_207' title='bbox 584 2597 655 2649; x_wconf 89' lang='lat' dir='ltr'>sunt</span> <span class='ocrx_word' id='word_1_208' title='bbox 682 2591 814 2647; x_wconf 86' lang='lat' dir='ltr'>moribus</span> <span class='ocrx_word' id='word_1_209' title='bbox 850 2591 1020 2648; x_wconf 80' lang='lat' dir='ltr'>assuefacti.</span> 
     </span>
     <span class='ocr_line' id='line_1_30' title="bbox 142 2669 1023 2746; baseline -0.002 -18"><span class='ocrx_word' id='word_1_210' title='bbox 142 2671 210 2728; x_wconf 85' lang='lat' dir='ltr'>Hos</span> <span class='ocrx_word' id='word_1_211' title='bbox 232 2688 299 2727; x_wconf 91' lang='lat' dir='ltr'>cnm</span> <span class='ocrx_word' id='word_1_212' title='bbox 322 2669 413 2727; x_wconf 84' lang='lat' dir='ltr'>Suevi</span> <span class='ocrx_word' id='word_1_213' title='bbox 438 2670 542 2726; x_wconf 88' lang='lat' dir='ltr'>multis</span> <span class='ocrx_word' id='word_1_214' title='bbox 557 2688 635 2744; x_wconf 86' lang='lat' dir='ltr'>seepe</span> <span class='ocrx_word' id='word_1_215' title='bbox 656 2671 743 2727; x_wconf 90' lang='lat' dir='ltr'>bellis</span> <span class='ocrx_word' id='word_1_216' title='bbox 762 2671 885 2745; x_wconf 82' lang='lat' dir='ltr'>experti,</span> <span class='ocrx_word' id='word_1_217' title='bbox 901 2675 1023 2746; x_wconf 85' lang='lat' dir='ltr'>propter</span> 
     </span>
     <span class='ocr_line' id='line_1_31' title="bbox 142 2749 1074 2825; baseline 0.001 -17"><span class='ocrx_word' id='word_1_218' title='bbox 142 2749 372 2825; x_wconf 87' lang='lat' dir='ltr'>amplitudinem</span> <span class='ocrx_word' id='word_1_219' title='bbox 400 2750 639 2824; x_wconf 80' lang='lat' dir='ltr'>gravitatemque</span> <span class='ocrx_word' id='word_1_220' title='bbox 666 2749 809 2820; x_wconf 82' lang='lat' dir='ltr'>civitatis,</span> <span class='ocrx_word' id='word_1_221' title='bbox 838 2749 947 2806; x_wconf 89' lang='lat' dir='ltr'>finibus</span> <span class='ocrx_word' id='word_1_222' title='bbox 975 2753 1074 2809; x_wconf 79' lang='lat' dir='ltr'>err-30</span> 
     </span>
     <span class='ocr_line' id='line_1_32' title="bbox 141 2829 1024 2906; baseline -0.002 -20"><span class='ocrx_word' id='word_1_223' title='bbox 141 2830 251 2906; x_wconf 85' lang='lat' dir='ltr'>pellere</span> <span class='ocrx_word' id='word_1_224' title='bbox 268 2846 327 2884; x_wconf 91' lang='lat' dir='ltr'>non</span> <span class='ocrx_word' id='word_1_225' title='bbox 339 2829 628 2902; x_wconf 85' lang='lat' dir='ltr'>potuissent‚tamen</span> <span class='ocrx_word' id='word_1_226' title='bbox 640 2830 805 2904; x_wconf 84' lang='lat' dir='ltr'>vectigales</span> <span class='ocrx_word' id='word_1_227' title='bbox 817 2829 876 2886; x_wconf 88' lang='lat' dir='ltr'>sibi</span> <span class='ocrx_word' id='word_1_228' title='bbox 889 2829 1024 2886; x_wconf 88' lang='lat' dir='ltr'>fecerunt</span> 
     </span>
    </p>

    <p class='ocr_par' dir='ltr' id='par_1_7' title="bbox 143 2907 931 2982">
     <span class='ocr_line' id='line_1_33' title="bbox 143 2907 931 2982; baseline -0.006 -15"><span class='ocrx_word' id='word_1_229' title='bbox 143 2928 177 2967; x_wconf 86' lang='lat' dir='ltr'>ec</span> <span class='ocrx_word' id='word_1_230' title='bbox 192 2908 289 2966; x_wconf 88' lang='lat' dir='ltr'>multo</span> <span class='ocrx_word' id='word_1_231' title='bbox 306 2907 477 2976; x_wconf 88' lang='lat' dir='ltr'>humiliores</span> <span class='ocrx_word' id='word_1_232' title='bbox 493 2907 728 2982; x_wconf 84' lang='lat' dir='ltr'>infirmioresque</span> <span class='ocrx_word' id='word_1_233' title='bbox 743 2909 931 2982; x_wconf 84' lang='lat' dir='ltr'>redegerunt.</span> 
     </span>
    </p>

    <p class='ocr_par' dir='ltr' id='par_1_8' title="bbox 142 2988 1075 3542">
     <span class='ocr_line' id='line_1_34' title="bbox 182 2988 1022 3063; baseline -0.004 -17"><span class='ocrx_word' id='word_1_234' title='bbox 182 2994 208 3046; x_wconf 85' lang='lat'>4.</span> <span class='ocrx_word' id='word_1_235' title='bbox 232 2988 271 3045; x_wconf 92' lang='lat' dir='ltr'>In</span> <span class='ocrx_word' id='word_1_236' title='bbox 292 2988 398 3044; x_wconf 88' lang='lat' dir='ltr'>eadem</span> <span class='ocrx_word' id='word_1_237' title='bbox 417 3005 509 3046; x_wconf 80' lang='lat' dir='ltr'>causa</span> <span class='ocrx_word' id='word_1_238' title='bbox 526 2988 646 3045; x_wconf 88' lang='lat' dir='ltr'>inerunt</span> <span class='ocrx_word' id='word_1_239' title='bbox 660 2988 803 3063; x_wconf 89' lang='lat' dir='ltr'>Usipetes</span> <span class='ocrx_word' id='word_1_240' title='bbox 824 2994 854 3045; x_wconf 89' lang='lat' dir='ltr'>et</span> <span class='ocrx_word' id='word_1_241' title='bbox 874 2988 1022 3058; x_wconf 78' lang='lat' dir='ltr'>Tencteri,</span> 
     </span>
     <span class='ocr_line' id='line_1_35' title="bbox 142 3067 1021 3144; baseline -0.003 -19"><span class='ocrx_word' id='word_1_242' title='bbox 142 3086 219 3144; x_wconf 89' lang='lat' dir='ltr'>quos</span> <span class='ocrx_word' id='word_1_243' title='bbox 233 3085 325 3142; x_wconf 84' lang='lat' dir='ltr'>supra</span> <span class='ocrx_word' id='word_1_244' title='bbox 339 3067 476 3137; x_wconf 84' lang='lat' dir='ltr'>diximus,</span> <span class='ocrx_word' id='word_1_245' title='bbox 492 3068 543 3142; x_wconf 89' lang='lat' dir='ltr'>qui</span> <span class='ocrx_word' id='word_1_246' title='bbox 557 3067 726 3142; x_wconf 88' lang='lat' dir='ltr'>complures</span> <span class='ocrx_word' id='word_1_247' title='bbox 743 3085 838 3124; x_wconf 89' lang='lat' dir='ltr'>annos</span> <span class='ocrx_word' id='word_1_248' title='bbox 854 3067 1021 3125; x_wconf 84' lang='lat' dir='ltr'>Suevorurn</span> 
     </span>
     <span class='ocr_line' id='line_1_36' title="bbox 144 3147 1075 3222; baseline 0.002 -18"><span class='ocrx_word' id='word_1_249' title='bbox 144 3149 206 3204; x_wconf 91' lang='lat' dir='ltr'>vim</span> <span class='ocrx_word' id='word_1_250' title='bbox 235 3147 463 3220; x_wconf 90' lang='lat' dir='ltr'>sustinuerunt;</span> <span class='ocrx_word' id='word_1_251' title='bbox 493 3147 529 3204; x_wconf 90' lang='lat' dir='ltr'>ad</span> <span class='ocrx_word' id='word_1_252' title='bbox 560 3153 727 3205; x_wconf 85' lang='lat' dir='ltr'>extremum</span> <span class='ocrx_word' id='word_1_253' title='bbox 751 3153 854 3205; x_wconf 90' lang='lat' dir='ltr'>tamen</span> <span class='ocrx_word' id='word_1_254' title='bbox 876 3147 956 3222; x_wconf 75' lang='lat' dir='ltr'>egris</span> <span class='ocrx_word' id='word_1_255' title='bbox 977 3164 1025 3203; x_wconf 89' lang='lat' dir='ltr'>ex·</span> <span class='ocrx_word' id='word_1_256' title='bbox 1039 3149 1075 3206; x_wconf 82' lang='lat'>35</span> 
     </span>
     <span class='ocr_line' id='line_1_37' title="bbox 145 3225 1023 3303; baseline -0.001 -19"><span class='ocrx_word' id='word_1_257' title='bbox 145 3227 223 3303; x_wconf 90' lang='lat' dir='ltr'>pulsi</span> <span class='ocrx_word' id='word_1_258' title='bbox 245 3231 277 3283; x_wconf 92' lang='lat' dir='ltr'>et</span> <span class='ocrx_word' id='word_1_259' title='bbox 291 3225 394 3283; x_wconf 89' lang='lat' dir='ltr'>multis</span> <span class='ocrx_word' id='word_1_260' title='bbox 408 3225 483 3283; x_wconf 91' lang='lat' dir='ltr'>locis</span> <span class='ocrx_word' id='word_1_261' title='bbox 499 3226 667 3284; x_wconf 85' lang='lat' dir='ltr'>Gormeniae</span> <span class='ocrx_word' id='word_1_262' title='bbox 682 3227 843 3284; x_wconf 88' lang='lat' dir='ltr'>triennium</span> <span class='ocrx_word' id='word_1_263' title='bbox 859 3226 963 3301; x_wconf 80' lang='lat' dir='ltr'>vagati</span> <span class='ocrx_word' id='word_1_264' title='bbox 986 3225 1023 3283; x_wconf 91' lang='lat' dir='ltr'>ad</span> 
     </span>
     <span class='ocr_line' id='line_1_38' title="bbox 145 3305 1027 3381; baseline -0.005 -16"><span class='ocrx_word' id='word_1_265' title='bbox 145 3306 289 3365; x_wconf 88' lang='lat' dir='ltr'>Rhenum</span> <span class='ocrx_word' id='word_1_266' title='bbox 312 3311 530 3379; x_wconf 89' lang='lat' dir='ltr'>pervonemnt:</span> <span class='ocrx_word' id='word_1_267' title='bbox 552 3323 628 3380; x_wconf 91' lang='lat' dir='ltr'>quas</span> <span class='ocrx_word' id='word_1_268' title='bbox 645 3305 783 3380; x_wconf 86' lang='lat' dir='ltr'>regiones</span> <span class='ocrx_word' id='word_1_269' title='bbox 798 3306 932 3381; x_wconf 90' lang='lat' dir='ltr'>Menapii</span> <span class='ocrx_word' id='word_1_270' title='bbox 946 3305 1027 3361; x_wconf 92' lang='lat' dir='ltr'>inco·</span> 
     </span>
     <span class='ocr_line' id='line_1_39' title="bbox 145 3382 1021 3460; baseline -0.006 -17"><span class='ocrx_word' id='word_1_271' title='bbox 145 3386 248 3443; x_wconf 89' lang='lat' dir='ltr'>lebant</span> <span class='ocrx_word' id='word_1_272' title='bbox 262 3390 293 3442; x_wconf 91' lang='lat' dir='ltr'>et</span> <span class='ocrx_word' id='word_1_273' title='bbox 307 3384 345 3442; x_wconf 86' lang='lat' dir='ltr'>ad</span> <span class='ocrx_word' id='word_1_274' title='bbox 357 3391 515 3460; x_wconf 89' lang='lat' dir='ltr'>utramque</span> <span class='ocrx_word' id='word_1_275' title='bbox 527 3384 624 3459; x_wconf 85' lang='lat' dir='ltr'>ripam</span> <span class='ocrx_word' id='word_1_276' title='bbox 636 3384 766 3441; x_wconf 86' lang='lat' dir='ltr'>fluminis</span> <span class='ocrx_word' id='word_1_277' title='bbox 778 3401 875 3458; x_wconf 77' lang='lat' dir='ltr'>agros,</span> <span class='ocrx_word' id='word_1_278' title='bbox 889 3382 1021 3450; x_wconf 87' lang='lat' dir='ltr'>aedificia,</span> 
     </span>
     <span class='ocr_line' id='line_1_40' title="bbox 146 3460 1024 3542; baseline -0.009 -18"><span class='ocrx_word' id='word_1_279' title='bbox 146 3466 290 3542; x_wconf 82' lang='lat' dir='ltr'>vicosque</span> <span class='ocrx_word' id='word_1_280' title='bbox 319 3464 490 3540; x_wconf 80' lang='lat' dir='ltr'>habebant3</span> <span class='ocrx_word' id='word_1_281' title='bbox 519 3464 573 3522; x_wconf 89' lang='lat' dir='ltr'>sed</span> <span class='ocrx_word' id='word_1_282' title='bbox 599 3469 693 3522; x_wconf 83' lang='lat' dir='ltr'>tantae</span> <span class='ocrx_word' id='word_1_283' title='bbox 717 3461 919 3520; x_wconf 87' lang='lat' dir='ltr'>multitudinis</span> <span class='ocrx_word' id='word_1_284' title='bbox 940 3460 1024 3517; x_wconf 86' lang='lat' dir='ltr'>aditu</span> 
     </span>
    </p>
   </div>
   <div class='ocr_carea' id='block_1_6' title="bbox 0 0 1286 3776">
    <p class='ocr_par' dir='ltr' id='par_1_9' title="bbox 0 0 1286 3776">
     <span class='ocr_line' id='line_1_41' title="bbox 0 0 1286 3776; baseline 0 0"><span class='ocrx_word' id='word_1_285' title='bbox 0 0 1286 3776; x_wconf 95' lang='lat' dir='ltr'> </span> 
     </span>
    </p>
   </div>
  </div>
 </body>
</html>
