2524 3776
441 299 555 350 arana
579 302 765 362 Quaarus.
1027 286 1070 355 to

137 448 374 524 Condrusorum,
390 453 441 530 qui
463 459 535 511 sunt
550 453 743 512 Trevirorum
764 453 899 525 clientes,
913 471 1018 530 perve-

137 539 252 592 nerant.
296 534 489 609 Principibus
505 533 611 593 Galliae
625 535 769 605 avocatia,
782 535 885 594 Caesar
899 552 936 592 ca
949 552 1016 611 qua

137 620 321 688 cognoverat
335 614 557 671 dissimulanda
571 614 627 671 sibi
641 615 837 684 existimavit,
852 631 1015 690 eorumque

137 695 250 751 animis
271 694 432 768 permulsis
452 700 484 752 et
505 694 689 752 confirmatis
714 696 910 771 equitatuque
926 695 1017 771 impe·

136 780 210 844 ratq
226 774 338 831 bollum
353 792 421 831 cum
438 774 595 832 Germanis
609 792 713 849 gerere
728 775 894 852 coustituit.
1048 774 1067 836 b

176 855 202 915 l.
226 855 273 912 Re
289 855 485 912 frumentaria
500 861 673 930 comparata
694 855 905 931 equitibusque
921 854 1015 913 delec-

136 933 184 1004 tis,
202 934 260 991 iter
274 935 304 990 in
319 953 355 991 ea
368 934 434 992 loca
448 935 545 992 iacere
560 935 659 1010 coepit,
675 936 784 1011 quibus
805 936 836 992 in
857 934 931 992 locis
945 952 1013 993 esso

135 1013 304 1072 Germanos
320 1015 468 1073 audiebat.
512 1016 541 1073 A
557 1016 667 1090 quibus
685 1033 752 1073 eum
774 1032 939 1090 paucorum
954 1015 1013 1073 die-

135 1109 202 1150 rum
228 1094 286 1152 iter
310 1095 438 1166 abesset,
461 1095 562 1169 legati·
579 1095 617 1153 ab
640 1095 688 1152 bis
712 1101 869 1166 venerunt,
885 1112 1011 1170 qnorum

135 1172 198 1230 haec
218 1175 277 1232 fuit
297 1175 410 1233 oratio:
433 1174 630 1234 “Germanos
651 1193 746 1251 neque
767 1176 882 1252 priores
903 1175 1013 1252 populo
1028 1178 1065 1238 10

134 1252 277 1312 Romano
297 1254 410 1312 bellum
432 1255 540 1312 inferre
566 1273 662 1331 neque
680 1261 788 1313 'tamen
812 1272 960 1327 recusare,
986 1255 1013 1313 si

134 1332 332 1404 lacessantur,
355 1335 428 1410 quin
450 1335 543 1393 armis
564 1334 767 1409 contendant;
788 1336 868 1411 quod
891 1334 1014 1394 Germa·

134 1430 243 1471 norum
258 1415 446 1473 consuetudo
461 1415 523 1473 baec
539 1415 581 1474 sit
595 1433 613 1472 a
627 1415 793 1490 majoribus
814 1416 936 1484 tradita,
951 1416 1015 1491 qui·

134 1511 263 1570 eumque
277 1495 389 1553 bellum
412 1495 551 1565 inserant,
567 1496 708 1554 resistere
730 1514 826 1571 neque
842 1497 1011 1570 deprecari:

135 1573 200 1632 haec
214 1582 316 1632 tamen
330 1576 436 1641 dicere,
453 1576 571 1633 venisse
586 1575 708 1645 invitos,
720 1577 831 1650 ejectos
846 1575 944 1634 domo.
980 1574 1012 1634 Si
1031 1577 1065 1635 15

134 1672 223 1712 suam
246 1655 377 1730 gratiam
399 1656 532 1713 Romani
548 1656 651 1726 velint,
667 1673 756 1732 posse
776 1656 815 1713 iis
836 1656 926 1713 utiles
946 1673 1013 1713 esse

135 1735 269 1792 amieos:
291 1735 338 1793 vel
355 1735 412 1793 sibi
428 1753 517 1810 agros
532 1737 709 1806 attribuant,
726 1737 774 1794 vel
791 1736 947 1812 patiantur
961 1752 1014 1793 eos

134 1821 237 1872 tencre
258 1833 334 1890 quos
360 1817 452 1873 armis
475 1816 673 1890 possederint.
717 1815 791 1874 Sese
813 1817 881 1873 unis
903 1815 1014 1875 Suavis

134 1895 306 1963 concedere,
322 1895 432 1971 quibus
453 1914 490 1954 ne
511 1896 553 1954 dii
575 1897 697 1972 quidem
718 1895 905 1954 immortales
925 1913 1014 1972 pares

134 1993 204 2032 esse
218 1976 353 2051 possint:
375 1975 521 2052 reliquum
536 1977 658 2052 quidem
680 1977 709 2032 in
732 1977 822 2034 terris
842 1993 908 2034 osse
924 1974 1015 2034 nemi·
1029 1978 1068 2036 20

134 2073 214 2125 nem,
230 2074 318 2130 quem
334 2073 394 2113 non
409 2073 552 2131 superare
566 2056 714 2133 possint.”

178 2139 204 2194 8.
228 2136 278 2193 Ad
294 2135 358 2194 hee
374 2135 483 2206 Oaesar,
500 2154 565 2212 quae
581 2136 680 2194 visum
695 2141 750 2206 est,
767 2135 940 2211 respondit3
961 2135 1015 2194 sed

134 2215 236 2272 exitus
253 2216 311 2273 fuit
325 2215 484 2274 orationis:
532 2215 597 2274 Sibi
620 2216 734 2274 nullam
756 2234 824 2274 eum
847 2216 894 2274 his
914 2216 1016 2274 amiei-

134 2295 212 2351 tiam
240 2312 306 2352 esse
333 2313 432 2372 posse,
458 2296 484 2354 si
510 2296 541 2353 in
566 2296 667 2356 Gallia
691 2302 896 2354 remanerent:
918 2313 1014 2372 nequa

135 2391 243 2432 verum
263 2393 340 2446 esse,
355 2375 406 2451 qui
428 2393 500 2434 suos
514 2375 588 2433 fines
603 2375 680 2436 tueri
696 2395 755 2434 non
770 2377 931 2452 potuerint,
948 2376 1016 2434 alia·
1030 2377 1068 2435 25

135 2471 193 2512 nos
218 2470 379 2531 occupare:
400 2473 496 2531 neque
519 2456 597 2513 ullos
621 2456 652 2513 in
675 2456 775 2515 Gallia
796 2473 902 2514 vacare
925 2449 1015 2530 agios

135 2534 190 2608 qui
212 2535 285 2606 dari,
304 2541 398 2594 tantae
418 2536 585 2612 prasertim
606 2535 804 2606 multitudini,
820 2536 884 2594 sine
906 2536 1015 2610 injuria

134 2615 264 2688 possint.
310 2614 371 2674 Sed
393 2615 491 2685 licere,
507 2615 534 2673 si
557 2616 660 2686 velint,
676 2616 708 2673 in
733 2616 883 2674 Ubiorum
906 2615 1016 2672 finibus

134 2694 301 2765 considere,
317 2713 445 2770 quorum
460 2697 523 2753 sint
537 2695 630 2770 legati
646 2696 726 2771 apud
749 2713 781 2754 se
805 2702 837 2754 et
851 2697 888 2754 de
904 2694 1017 2753 Suevo-

135 2791 203 2830 rum
218 2775 336 2848 injuriis
350 2780 515 2852 querantur
529 2781 561 2834 et
574 2794 592 2833 a
606 2793 638 2834 se
654 2774 800 2834 auxilium
814 2782 938 2852 petant:
961 2775 1016 2834 hoc
1031 2775 1068 2835 30

134 2853 274 2916 seUbiis
288 2855 513 2930 imperaturum.

178 2936 204 2992 9.
227 2933 337 3010 Legati
352 2934 415 2992 haee
429 2952 460 2992 se
476 2935 514 2993 ad
529 2952 601 2993 suos
614 2935 761 2993 relaturos
775 2935 923 3006 dixerunt,
939 2941 971 2994 et
984 2953 1016 2994 re

135 3012 303 3072 deliberata
322 3020 393 3090 post
407 3015 487 3073 diem
508 3015 633 3073 tertium
655 3015 693 3073 ad
711 3014 861 3073 Caesarem
881 3033 1017 3073 reversu-

133 3109 204 3153 ros:
233 3094 349 3152 interea
372 3113 409 3152 ne
436 3095 558 3169 propius
580 3112 612 3152 se
635 3101 735 3153 castra
757 3100 899 3164 moveret,
925 3095 1017 3170 petie·

133 3178 214 3232 runt.
257 3173 304 3232 Ne
326 3175 356 3232 id
378 3173 499 3249 quidem
516 3173 619 3233 Oaesar
639 3175 677 3232 ab
698 3192 730 3232 se
751 3175 906 3250 impetrari
928 3191 1017 3250 posse
1032 3177 1067 3234 35

132 3253 230 3312 dixit:
254 3259 439 3329 cognoverat
460 3255 549 3324 enim,
565 3271 709 3329 magnam
730 3264 845 3330 partem
862 3254 1016 3330 equitatus

132 3333 172 3390 ab
188 3333 227 3390 iis
242 3329 356 3410 aliquot
372 3333 478 3392 diebus
494 3340 564 3391 ante
585 3334 739 3408 praedandi
754 3334 1015 3408 frumentandique

130 3430 226 3471 causa
241 3413 279 3471 ad
297 3413 509 3472 Ambivaritos
523 3419 610 3471 trans
626 3413 746 3471 Mosam
768 3415 902 3473 missam.
947 3413 1015 3470 Hos

129 3493 297 3568 exspectari
309 3491 426 3569 equites
435 3499 525 3569 atque
540 3494 605 3568 ejus
625 3493 669 3551 rei
690 3487 782 3552 causa
796 3510 911 3550 moram
926 3493 1016 3550 inter·

127 3574 203 3648 poni
218 3573 431 3632 arbitrabatur.
