2524 3776
513 247 625 295 nisan
651 248 803 296 smnus.
1079 231 1119 296 18

188 398 290 456 cedere
301 401 415 472 posset,
428 397 501 454 dum
516 397 637 468 milites,
650 416 727 474 quos
739 398 949 472 imperaverat,
962 413 1068 456 conve·

188 479 296 548 nitent,
312 477 423 552 legatis
444 478 609 551 respondit,
625 479 706 538 diem
728 495 760 535 se
782 478 821 535 ad
842 476 1066 535 deliberandum

187 563 397 632 sumpturum;
416 557 526 632 siquid
540 557 661 630 vellent,
672 558 712 616 ad
723 557 799 615 Idus
812 557 929 632 Aprilis
940 563 1067 616 revorte-

187 644 298 695 rentur.

227 720 253 774 8.
276 717 399 774 Interea
409 733 445 773 ea
456 715 583 791 legione,
593 734 686 791 quam
700 734 802 775 secum
815 716 955 786 habebat,
967 715 1068 774 militi·
1101 716 1119 773 5

188 796 313 871 busque,
329 796 381 870 qui
403 813 440 852 ex
464 796 621 871 provincia
645 804 858 867 convenerant,
882 815 899 854 a
923 797 990 855 lacu
1013 795 1068 854 Le·

187 894 309 948 mann0,
321 876 373 950 qui
388 876 419 932 in
433 874 543 936 flumen
558 875 744 934 Rhodanum
760 877 866 948 influit,
880 877 918 934 ad
933 882 1067 933 montem

187 956 207 1014 J
211 973 306 1026 uram,
322 955 372 1030 qui
393 955 467 1012 fines
490 954 697 1030 Sequanorum
720 957 759 1014 ab
780 953 933 1014 Helvetiis
948 956 1067 1027 dividit,

186 1035 272 1092 milia
285 1052 431 1110 passuum
445 1035 549 1092 decem
564 1052 672 1093 novem
688 1054 817 1108 murum,
830 1037 860 1094 in
876 1036 1067 1095 altitudinem

187 1116 299 1191 pedum
315 1115 453 1186 sedecim,
468 1115 641 1190 fossamque
654 1117 798 1190 perducit.
841 1116 888 1174 Εο
903 1134 990 1192 opere
1006 1133 1069 1191 por·
1085 1116 1121 1173 10

192 1197 271 1254 fecto
298 1195 439 1272 praesidia
471 1195 613 1270 disponit,
643 1196 769 1253 castella
804 1196 978 1264 communit,
1009 1213 1069 1270 quo

188 1275 315 1346 facilius,
331 1275 357 1332 si
378 1292 410 1332 se
431 1274 530 1332 invito
551 1275 682 1332 transire
704 1283 893 1347 conarentur,
911 1275 1069 1352 prohibere

187 1355 294 1432 possit.
337 1354 399 1412 Ubi
414 1372 451 1412 ea
464 1355 538 1424 dies,
551 1372 642 1430 quam
660 1356 859 1414 constituerat
869 1373 936 1412 cum
949 1355 1069 1431 legatis,

188 1435 282 1504 venit,
298 1440 330 1492 et
343 1433 438 1508 legati
454 1433 490 1491 ad
511 1453 582 1492 eum
602 1442 800 1506 reverterunt,
817 1441 916 1510 negat,
933 1452 965 1492 se
987 1452 1068 1492 more

188 1521 219 1572 et
238 1513 376 1589 exemplo
398 1513 501 1590 populi
522 1514 655 1571 Romani
675 1532 764 1589 posse
784 1515 842 1572 iter
862 1514 915 1571 ulli
937 1533 990 1590 per
1004 1533 1070 1590 pro·
1085 1513 1120 1571 15

189 1594 321 1651 vinciam
331 1594 420 1667 dare;
435 1600 465 1650 et
475 1594 501 1651 si
508 1593 568 1651 vim
580 1594 676 1652 facere
685 1602 838 1665 conentur,
845 1594 1069 1670 prohibiturum

189 1674 331 1732 ostendit.
375 1672 512 1730 Helvetii
533 1692 570 1731 ea
591 1691 643 1749 spe
666 1674 782 1749 dejecti,
804 1675 936 1732 naribus
956 1673 1069 1748 junctis

188 1754 364 1828 ratibusque
386 1753 588 1828 compluribus
609 1754 706 1824 iactis,
729 1753 782 1812 alii
804 1755 893 1812 vadis
915 1745 1068 1823 Rhodani,

190 1851 250 1908 qua
263 1833 390 1890 minima
404 1832 535 1890 altitudo
557 1833 687 1891 fluminis
708 1840 782 1904 erat,
798 1851 1014 1909 nonnunquam
1029 1833 1071 1889 in·

190 1913 297 1982 terdin,
314 1913 424 1988 saepius
439 1919 538 1982 noctu,
556 1914 582 1969 si
596 1931 788 1990 perrumpere
809 1920 943 1989 possent,
959 1912 1069 1984 conati,
1086 1912 1123 1969 20

190 1992 290 2068 operis
312 1992 480 2049 munitione
504 1998 536 2050 et
560 1993 692 2050 militum
718 2011 866 2052 concursu
886 2000 918 2051 et
937 1994 1008 2051 telis
1028 2010 1072 2050 re·

190 2071 280 2148 pulsi,
296 2071 353 2130 hoc
368 2077 479 2129 conatu
494 2072 683 2130 destiterunt.

232 2155 256 2210 9.
279 2151 521 2226 Relinquebatur
542 2168 603 2209 una
623 2170 676 2228 per
693 2151 851 2229 Sequanos
866 2152 924 2224 via,
940 2170 1000 2228 qua
1021 2150 1072 2210 Se-

190 2231 299 2307 quanis
319 2231 426 2289 invitis
447 2237 569 2307 propter
591 2233 752 2305 angustias
773 2234 814 2290 ire
836 2249 897 2289 non
921 2238 1069 2306 poterant

192 2311 251 2368 His
266 2329 335 2369 cum
349 2329 405 2369 sua
420 2317 527 2387 sponte
542 2313 722 2387 persuadere
735 2330 795 2369 non
805 2321 940 2389 possent,
953 2312 1071 2386 legatos
1086 2309 1124 2367 25

190 2392 229 2449 ad
245 2391 464 2466 Dumnorigem
478 2391 615 2448 AEduum
630 2392 763 2462 mittunt,
780 2400 864 2450 uteo
879 2392 1071 2466 deprecatore

191 2489 209 2529 a
231 2470 381 2547 Sequanis
402 2471 607 2546 impetrarent.
651 2471 822 2529 Dumnorix
846 2471 945 2546 gratia
965 2477 997 2527 et
1016 2471 1074 2527 lar·

191 2550 306 2626 gitione
322 2551 401 2627 apud
418 2551 576 2626 Sequanos
591 2550 754 2626 plurimum
769 2557 897 2626 poterat,
913 2557 944 2609 et
962 2550 1074 2608 Helve-

190 2631 243 2688 tiis
254 2637 320 2689 erat
331 2631 455 2699 amicus,
464 2632 543 2706 quod
553 2649 591 2688 ex
600 2631 769 2688 ea'civitate
780 2630 972 2706 Orgetorigis
982 2631 1073 2687 liliam

190 2711 222 2767 in
236 2710 463 2768 matrimonium
479 2712 626 2785 duxerat;
648 2716 679 2768 et
692 2712 855 2786 cupiditate
867 2711 953 2786 regni
966 2711 1074 2769 adduc·
1088 2709 1126 2766 30

191 2795 243 2847 tus
257 2791 345 2848 novis
359 2791 450 2848 rebus
462 2791 613 2860 studebat,
627 2797 658 2848 et
671 2809 762 2866 quam
777 2791 922 2866 plurimas
934 2791 1074 2848 civitates

192 2887 246 2926 suo
261 2869 403 2928 beneficio
419 2870 529 2928 habere
547 2872 708 2929 obstrictas
721 2872 850 2933 volebat.
887 2871 995 2946 Itaque
1010 2888 1073 2928 rem

191 2949 320 3026 suscipit
340 2955 371 3008 et
394 2969 412 3007 a
439 2949 588 3025 Sequanis
609 2951 760 3026 impetrat,
781 2958 814 3008 ut
834 2969 888 3027 per
909 2951 984 3009 lines
1002 2967 1075 3008 suos

193 3029 354 3088 Helvetios
376 3030 418 3086 ire
441 3031 614 3104 patientum
640 3032 819 3105 obsidesque
841 3031 885 3087 uti
907 3031 987 3088 inter
1008 3047 1074 3088 sese

193 3109 274 3180 dent,
286 3109 418 3186 perlicit:
441 3108 583 3186 Sequani,
597 3128 634 3167 ne
646 3110 752 3168 itinere
769 3110 929 3169 Helvetios
940 3110 1076 3186 prohibe·
1089 3110 1127 3167 35

193 3196 264 3262 ant;
286 3189 432 3260 Helvetii,
446 3196 481 3246 ut
496 3191 560 3247 sine
576 3190 722 3247 maleficio
738 3197 769 3247 et
783 3191 894 3264 injuria
908 3195 1073 3248 transeant.

235 3271 279 3327 10.
305 3269 418 3328 Caesari
439 3270 634 3327 renunciatur
657 3269 809 3327 Helvetiis
831 3288 898 3326 esse
920 3271 951 3325 in
973 3271 1075 3325 animo

194 3365 246 3424 per
261 3367 368 3424 agrurn
391 3349 602 3424 Sequanorum
616 3354 647 3405 et
662 3349 832 3404 AEduorum
851 3348 910 3403 iter
924 3348 956 3401 in
972 3346 1077 3401 Santo-

193 3446 267 3486 num
281 3429 356 3487 fines
371 3429 477 3499 facere,
491 3428 542 3503 qui
557 3445 618 3485 non
632 3428 723 3500 longe
736 3445 754 3482 a
765 3425 954 3482 Tolosatium
969 3421 1076 3476 finibus
