2548 3774
467 301 580 348 urnae
604 302 756 382 saurus.
1014 287 1076 354 133

143 459 214 514 sunt
224 454 346 512 arbores
356 470 411 527 pro
422 452 585 526 cubilibus3
601 453 639 510 ad
650 471 702 510 eas
717 471 748 511 se
765 453 918 528 applicant
933 459 1024 531 atque

143 536 184 593 ita
197 535 321 610 paulum
333 533 423 590 modo
435 533 585 591 reclinatae
596 534 727 607 quietem
743 535 883 609 capiunt:
897 553 1024 611 quarum

143 625 179 674 ex
193 615 333 689 vestigiis
355 631 422 671 oum
444 620 492 671 est
513 613 758 671 animadversum
780 633 798 671 a
819 616 1023 687 venatoribus,

144 713 201 771 quo
230 712 262 751 so
288 694 417 769 recipere
442 693 622 762 consuerint,
648 711 754 750 omnes
779 712 815 751 eo
836 695 903 753 loco
932 703 985 753 aut
1007 714 1024 753 a

144 775 294 837 radicibus
310 775 467 843 subruunt,
485 780 538 830 aut
553 773 692 831 accidunt
706 774 828 831 arbores
842 780 972 845 tantum,
990 781 1025 833 ut
1053 777 1074 835 ⁵

145 872 262 912 summa
285 853 400 928 species
419 870 522 910 earum
546 853 693 911 stantium
716 853 909 928 relinquatur.
955 855 1025 913 Huc

97 999 100 1004 ,
145 953 210 994 eum
227 953 258 992 se
274 933 489 992 consuetudine
505 933 735 1002 reclinaverunt,
752 933 887 992 infirmas
903 935 1025 992 arbores

145 1015 273 1093 pondere
289 1013 424 1088 affligunt
439 1018 529 1088 atque
544 1030 604 1069 una
618 1012 690 1088 ipsae
705 1013 874 1074 concidunt.

164 1132 165 1138 ,
184 1098 229 1153 28.
253 1093 390 1151 Tertium
403 1099 451 1152 est
466 1111 563 1167 genus
577 1110 691 1163 eorum,
701 1093 754 1168 qui
766 1094 812 1150 uri
824 1093 1022 1170 appellantur.
1124 1128 1130 1140 ·

146 1173 188 1232 Hi
203 1179 275 1232 sunt
288 1173 496 1248 magnitudine
517 1173 609 1248 paulo
631 1172 709 1229 infra
723 1173 910 1250 elephantos,
926 1175 1024 1249 specie
1041 1176 1077 1232 10

145 1260 177 1316 et
189 1254 286 1312 colore
307 1259 339 1310 et
360 1253 456 1328 figura
469 1252 558 1310 tauri.
601 1251 719 1326 Magna
733 1253 781 1310 vis
802 1259 905 1312 eorum
926 1261 974 1313 est
994 1260 1026 1312 et

146 1352 258 1410 magua
278 1333 444 1406 velocitas;
466 1350 562 1407 neque
585 1331 699 1389 bomini
722 1351 817 1409 neque
839 1335 917 1404 lerae,
935 1352 1025 1410 quam

146 1417 373 1490 conspexerunt,
388 1416 524 1488 pareunt.
569 1411 638 1468 Hos
659 1413 793 1471 studiose
808 1415 905 1472 foveis
920 1419 1026 1489 captos

146 1493 337 1552 interficiunt.
393 1492 462 1550 Hoc
490 1509 522 1549 se
549 1491 652 1550 labora
680 1493 791 1550 durant
818 1494 1026 1552 adolescentes

147 1580 237 1650 atque
259 1573 315 1630 boo
336 1590 445 1646 genere
461 1572 632 1630 venationis
646 1579 802 1646 exercent3
823 1574 918 1649 etqui
939 1573 1079 1650 pluri-15

147 1672 213 1712 mos
233 1672 271 1711 ex
291 1653 339 1710 his
359 1652 580 1722 iuterfecerunt,
597 1652 700 1710 relatis
715 1653 747 1709 in
760 1653 913 1729 publicum
934 1654 1028 1712 corni·

149 1735 212 1804 bus,
235 1749 301 1809 quae
322 1732 384 1790 sint
404 1732 588 1802 testimonio,
610 1749 753 1806 magnam
776 1734 876 1791 ferunt
897 1732 1026 1792 laudem.

149 1813 209 1872 Sed
225 1829 397 1871 assuescere
419 1812 458 1869 ad
480 1811 619 1868 homines
639 1819 671 1869 et
691 1813 882 1870 mansuefieri
906 1831 943 1871 ne
964 1831 1028 1889 par-

150 1893 348 1968 vuliquidem
362 1892 478 1968 excepti
500 1897 636 1967 possunt.
679 1891 860 1967 Amplitudo
882 1911 1027 1951 cornuum

147 1979 180 2032 ot
193 1973 290 2048 figura
304 1978 335 2050 et
350 1972 465 2048 species
482 1971 613 2028 multum
635 1989 653 2027 a
673 1978 845 2029 nostrorum
861 1973 952 2030 boum
968 1991 1029 2030 cor·
1044 1973 1081 2032 20

150 2054 238 2111 nibus
263 2052 370 2111 differt.
414 2051 490 2108 Haeo
518 2051 653 2108 studiose
679 2052 849 2127 conquisita
872 2053 910 2110 ab
935 2053 1029 2110 labris

150 2139 276 2208 argento
291 2130 530 2190 circumcludunt
544 2137 635 2206 atque
659 2131 690 2187 iu
713 2131 911 2207 amplissimis
931 2133 1029 2210 epulis

149 2231 203 2290 pro
223 2212 342 2288 poculis
362 2217 499 2269 utuntur.

153 2325 155 2334 ·
191 2296 238 2352 29.
262 2292 373 2362 Oaesar,
383 2296 545 2367 postquam
559 2307 613 2366 per
624 2289 723 2348 Ubios
738 2291 941 2367 exploratores
953 2309 1031 2350 oom-

150 2373 230 2449 perit
252 2371 369 2430 Suevos
390 2388 455 2428 sese
477 2369 508 2428 in
529 2370 623 2427 silvas
644 2371 801 2446 recepisse,
817 2372 951 2446 inopiam
973 2373 1032 2430 fru-
1046 2371 1082 2430 25

149 2452 246 2510 menti
261 2452 385 2520 veritus
399 2451 492 2526 quod,
510 2456 545 2507 ut
565 2467 657 2525 supra
677 2451 962 2521 demonstravimus,
977 2452 1032 2509 mi·

150 2533 231 2590 nime
247 2549 351 2589 omnes
364 2530 508 2589 Germani
523 2529 713 2604 agricultura
729 2532 860 2602 student,
873 2532 1033 2590 constituit

149 2631 211 2671 non
226 2611 366 2688 progredi
380 2611 522 2685 longius:
536 2608 589 2667 sed
603 2627 640 2667 ne
655 2610 777 2668 omniuo
789 2616 904 2668 metum
916 2612 1033 2668 reditus

150 2693 197 2751 sui
212 2691 349 2750 barbaris
364 2689 484 2748 tolleret
498 2694 588 2765 atque
603 2695 751 2747 uteorum
764 2690 877 2748 auxilia
890 2691 1031 2762 tardaret,

149 2773 274 2832 reducto
285 2771 431 2840 exercitu,
446 2775 563 2846 partem
577 2768 716 2828 ultimam
737 2770 847 2844 pontis,
863 2789 929 2846 quae
950 2771 1032 2844 ripas
1048 2769 1085 2829 30

150 2851 300 2910 Ubiorum
323 2849 528 2923 contingebat,
549 2848 581 2906 iu
605 2847 825 2924 longitudinem
849 2851 961 2924 pedum
983 2849 1035 2906 du-

149 2937 308 2991 centorum
321 2930 482 3003 rescindit3
503 2934 593 3002 atque
615 2929 646 2984 in
667 2934 800 2987 extremo
820 2936 912 3006 ponte
926 2930 1034 2986 turrim

149 3011 360 3070 tabulatorum
370 3015 499 3084 quatuor
508 3008 668 3066 constituit
685 3009 918 3085 praesidiumque
933 3009 1036 3067 cohor·

149 3093 227 3150 tium
249 3088 410 3148 duodecim
430 3088 532 3163 pontis
552 3088 657 3144 tuendi
680 3106 773 3146 causa
794 3091 880 3164 ponit
905 3089 1037 3164 magnis·

150 3191 209 3247 que
228 3189 299 3228 eum
312 3169 421 3227 locum
436 3167 654 3225 munitionibus
669 3167 776 3226 firmat.
819 3168 857 3226 Ei
877 3169 942 3226 loco
964 3185 1036 3242 proe-
1050 3167 1087 3226 35

150 3252 290 3326 sidioque
321 3248 429 3308 Caium
458 3247 633 3305 Volcatium
661 3247 782 3304 Tullum
816 3248 1035 3306 adolescentem

151 3330 287 3407 praefecit
297 3333 311 3387 ι’·
325 3329 479 3404 ipse,cum
491 3331 691 3384 maturescere
701 3327 852 3384 frumenta
862 3327 1037 3400 inciperent,

151 3412 190 3471 ed
205 3409 318 3468 bellum
333 3407 522 3482 Ambiorigis
536 3406 688 3481 profectus
701 3422 755 3479 per
770 3405 967 3461 Arduennam
988 3403 1039 3459 sil·

152 3508 233 3562 uam,
249 3492 384 3566 quaest.
399 3485 615 3562 totiusdalliae
637 3484 771 3557 maxima
795 3487 885 3558 atque
906 3479 1040 3554 abripis
