2524 3776
171 290 213 356 64
464 306 511 353 na
535 303 656 352 sunno
680 301 877 350 euunrco·

224 454 375 514 altissimo
403 473 489 513 muro
517 454 710 528 munierant:
737 464 804 510 tum
832 450 936 526 magui
965 451 1107 527 ponderis

225 546 302 593 saxa
314 540 345 592 et
358 541 528 611 praeacutas
542 535 645 592 trabes
659 533 692 591 in
706 550 794 591 muro
809 532 999 590 collocarunt.
1042 530 1108 607 Ipsi

224 621 312 673 erant
334 632 372 672 ex
396 615 528 674 Cimbris
551 612 941 690 Teutonisqueproguati5
962 611 1022 686 qui,
1039 627 1106 668 cum

225 696 283 752 iter
304 695 334 751 in
355 695 543 769 provinciam
565 699 702 752 nostram
718 698 809 769 atquc
825 692 948 750 Italiam
963 691 1106 760 facerent,

192 777 210 834 5
225 775 262 832 iis
278 774 512 847 impedimentis,
528 791 595 851 quoe
610 790 712 831 secum
734 789 825 848 agere
846 789 882 830 ac
902 777 1023 848 portare
1045 787 1106 827 uon

231 857 378 926 poterant,
395 853 472 908 citra
486 851 596 908 flumen
613 850 754 908 Rhenum
770 849 917 923 depositis
938 848 1106 906 custodiam

230 945 269 987 ex
279 929 343 986 suis
355 947 389 986 ao
400 929 573 1005 praesidium
586 946 640 986 sex
651 927 736 984 milia
748 928 903 985 hominum
913 944 974 985 una
983 927 1107 1001 relique·

225 1011 303 1064 runt.
344 1004 387 1064 Hi
405 1011 476 1082 post
489 1021 593 1063 eorum
608 1004 724 1062 obitum
749 1002 862 1059 multos
877 1019 973 1060 anuos
987 1020 1006 1060 a
1020 1002 1108 1060 finiti·

224 1086 282 1143 mis
303 1085 459 1159 exagitati,
476 1102 543 1142 cum
560 1083 636 1141 alias
649 1083 761 1139 bollum
777 1081 931 1152 inferrent,
948 1082 1024 1139 alias
1040 1082 1104 1139 illa·

174 1164 209 1222 10
223 1172 288 1221 tum
301 1165 502 1232 defenderent,
513 1178 774 1220 consensueorum
787 1161 922 1218 omnium
933 1179 1006 1238 pace
1024 1163 1105 1219 facta

224 1243 304 1303 huno
318 1245 374 1301 sibi
390 1243 542 1301 domicilio
557 1243 657 1300 iocum
672 1241 857 1315 delegerunt.

264 1328 310 1382 30.
333 1325 380 1381 Ac
402 1324 498 1398 primo
520 1322 655 1380 adventu
683 1322 833 1378 exercitus
861 1321 957 1378 nostri
986 1320 1106 1379 crebros

224 1421 262 1460 ex
276 1404 387 1480 oppido
402 1403 594 1460 excursiones
609 1400 761 1459 faciebant
781 1401 976 1476 parvulisque
991 1401 1106 1477 proeliis

224 1501 292 1540 cum
321 1483 434 1540 uostris
468 1482 708 1540 contendebant:
743 1487 851 1556 postea
878 1481 959 1538 vallo
995 1481 1103 1555 pedum

173 1563 208 1621 15
224 1563 392 1633 duodecim,
407 1563 437 1618 in
455 1562 581 1619 circuitu
600 1560 771 1637 quindecim
792 1560 919 1632 milium,
932 1561 1105 1637 crebrisque

224 1643 357 1700 castellis
391 1641 614 1699 circummuniti
650 1641 760 1716 oppido
798 1658 865 1698 sese
899 1641 1103 1698 continebant.

225 1722 287 1780 Ubi
314 1723 412 1779 vineis
441 1722 525 1791 actis,
547 1738 659 1795 aggere
684 1726 846 1792 exstructo,
870 1721 977 1778 turrim
1001 1721 1104 1796 procul

225 1803 367 1860 constitui
383 1802 533 1870 viderunt,
548 1802 680 1875 primum
703 1800 825 1857 irridere
847 1818 884 1857 ex
904 1817 991 1858 muro
1013 1805 1104 1876 atque

222 1883 401 1957 increpitare
417 1881 550 1951 vocibus,
566 1880 646 1956 quod
661 1885 749 1937 tanta
767 1880 951 1938 machinatio
966 1881 1003 1938 ab
1017 1886 1106 1938 tanto

171 1964 208 2020 20
224 1963 322 2038 spatio
344 1961 570 2026 institueretur:
592 1959 771 2036 quibusnam
795 1959 934 2018 manibus
969 1965 1023 2017 out
1043 1960 1107 2037 qui·

223 2043 280 2100 bus
308 2041 433 2110 viribus,
459 2039 625 2115 prasertim
656 2038 794 2097 homines
821 2040 948 2098 tantula
976 2045 1101 2098 staturae

224 2121 311 2194 (nam
338 2121 514 2197 plerumque
539 2119 713 2178 hominibus
735 2119 833 2178 Gallis
862 2137 923 2195 prae
951 2121 1103 2195 magnitu-

223 2202 292 2259 dine
316 2217 475 2276 corporum
504 2217 635 2270 suorum,
652 2199 787 2256 brevitas
797 2205 902 2256 nostra
914 2201 1105 2273 contemptui

163 2309 167 2316 ·
223 2283 296 2358 est),
322 2281 401 2338 tanti
427 2280 526 2337 oneris
551 2279 660 2337 turrim
686 2279 718 2336 in
740 2295 843 2336 muros
865 2296 931 2337 sese
956 2280 1101 2338 collocare

172 2359 209 2417 25
224 2359 428 2420 confiderent?

264 2443 310 2499 31.
336 2440 396 2498 Ubi
412 2456 483 2498 vero
503 2436 620 2498 moveri
644 2443 676 2496 et
697 2437 937 2514 appropinquare
952 2439 1103 2497 moenibus

224 2521 374 2589 viderunt,
385 2537 464 2577 nova
479 2525 569 2594 atque
583 2518 732 2576 inusitata
746 2518 844 2593 specio
859 2519 1003 2576 commoti
1022 2519 1103 2593 lega·

223 2605 272 2658 tos
301 2600 339 2657 ad
363 2599 514 2658 Oaesarem
538 2598 575 2655 de
597 2615 669 2674 pace
697 2597 852 2670 miserunt,
876 2600 928 2674 qui
956 2599 995 2657 ad
1023 2598 1103 2658 hunc

224 2680 347 2738 medum
365 2679 469 2736 locuti:
517 2678 588 2736 Non
603 2677 777 2736 existimare
792 2678 949 2736 Romanos
966 2679 1031 2736 sine
1046 2695 1102 2757 ope

172 2767 209 2824 30
225 2759 329 2816 divina
343 2757 454 2816 bellum
471 2775 582 2832 gerere,
592 2758 644 2833 qui
658 2763 752 2815 tanta
764 2757 936 2816 altitudinis
950 2759 1103 2818 machina-

224 2840 323 2897 tiones
334 2842 421 2895 tanta
429 2837 581 2895 celeritate
593 2854 769 2912 promovere
781 2844 921 2913 possent:
942 2856 975 2899 se
987 2858 1101 2915 suaque

225 2919 435 2976 omniaeorum
445 2917 590 2992 potestati
599 2916 782 2992 permittere,
808 2917 956 2977 dixerunt.
998 2919 1100 2978 Unum

224 3005 326 3074 petere
348 3015 382 3055 oc
403 2997 572 3071 deprecari:
594 2997 620 3054 si
634 2997 711 3054 forte
733 3014 787 3072 pro
809 3014 865 3056 sua
885 2995 1047 3058 clementia
1069 3019 1104 3058 ac

226 3077 468 3146 mansuetudine,
484 3093 575 3152 quam
599 3075 658 3153 ipsi
680 3077 719 3136 ab
735 3076 803 3135 eliis
819 3079 967 3150 audirent,
983 3079 1106 3138 statuis·

173 3161 209 3218 35
226 3164 273 3215 set
297 3158 477 3214 Aduatucos
499 3173 566 3214 esse
582 3157 816 3229 conservandos,
831 3177 868 3216 ne
884 3177 917 3217 se
933 3161 1025 3218 armis
1039 3159 1105 3219 des·

224 3237 367 3312 poliaret:
390 3235 449 3293 sibi
467 3252 572 3293 omnes
588 3236 648 3294 sere
663 3236 809 3295 finitimos
823 3257 890 3296 esse
905 3240 1044 3298 inimicos
1069 3256 1104 3298 ac

226 3333 287 3372 suae
303 3314 410 3373 virtuti
425 3315 579 3389 invidere;
595 3315 738 3390 aquibus
753 3335 786 3374 se
802 3317 960 3377 defendere
982 3319 1105 3378 traditis

225 3394 319 3452 armis
343 3411 404 3450 non
418 3399 551 3468 possent.
583 3393 646 3452 Sibi
660 3401 814 3468 praestare,
830 3397 856 3454 si
870 3399 901 3454 in
916 3417 985 3456 eum
1001 3415 1105 3456 casum

224 3473 450 3542 deducerentur,
466 3471 606 3547 quamvis
620 3471 772 3531 fortunam
794 3493 812 3532 a
831 3477 942 3553 populo
964 3478 1105 3537 Romano
