2562 3770
476 316 589 365 ursan
614 317 807 366 summus.
1041 302 1104 369 179

168 472 247 539 rant,
276 483 310 526 se
338 466 397 543 ipsi
426 467 611 526 acutissimis
640 467 729 526 vallis
762 467 934 528 induebant.
983 468 1051 527 Hos

168 548 272 624 cippos
294 546 497 623 appellabant.
540 548 624 605 Ante
646 565 723 622 quos
745 548 874 623 obliquis
895 548 1051 606 ordinibus

169 626 199 684 in
222 627 420 704 quincuncem
442 626 599 703 dispositis
627 628 748 685 scrobes
776 627 868 685 trium
891 629 922 686 in
952 628 1052 686 altitu·

168 706 271 765 dinem
291 706 402 782 pedum
422 707 617 765 fodiebantur
643 707 790 782 paulatim
811 708 987 782 angustiore
1012 706 1051 766 ad

168 785 305 844 infimum
322 786 454 862 fastigio.
498 787 568 845 Huc
579 795 691 845 teretes
705 788 826 863 stipites
841 788 959 845 feminis
974 799 1052 846 cras·
1084 787 1103 847 b

169 866 303 924 situdine
338 866 376 923 ab
404 885 523 925 summo
546 867 688 942 praeacuti
718 873 750 924 et
771 868 895 942 praeusti
916 867 1052 924 demitte-

169 945 290 1016 bantur,
320 946 364 1003 ita
399 952 434 1004 ut
468 964 528 1003 non
561 946 691 1022 emplius
721 947 830 1022 digitis
858 949 986 1024 quatuor
1012 964 1051 1004 ex

169 1032 250 1084 terra
278 1026 460 1085 eminerent:
487 1027 576 1084 simul
603 1026 797 1085 confirmandi
823 1032 855 1085 et
878 1026 1051 1085 stabiliendi

169 1123 263 1164 causa
277 1105 391 1181 singuli
406 1106 445 1163 ab
459 1106 561 1163 infimo
576 1106 641 1163 solo
656 1107 748 1181 pedes
762 1113 843 1164 terra
857 1107 1052 1164 exculcaban·

168 1191 235 1243 tur:
257 1185 373 1260 reliqua
387 1202 457 1260 pers
471 1185 586 1244 scrobis
601 1186 639 1243 ad
659 1186 853 1245 occultandas
868 1187 995 1244 insidias
1012 1186 1052 1243 vi·
1068 1186 1103 1245 10

169 1264 304 1322 minibus
318 1282 353 1323 ae
367 1265 506 1340 virgultis
520 1266 720 1340 integebatur.
758 1266 858 1341 Hujus
872 1266 991 1340 generis
1006 1283 1052 1324 oe·

170 1343 235 1402 toni
247 1345 367 1402 ordines
378 1345 461 1403 ducti
473 1351 576 1402 ternos
585 1347 663 1402 inter
672 1363 704 1403 se
716 1347 808 1420 pedes
818 1346 982 1404 distabant.
1012 1345 1050 1404 Id

169 1441 208 1482 ex
223 1424 422 1482 similitudine
437 1424 518 1482 floris
532 1424 629 1482 lilium
646 1424 847 1501 appellabant.
890 1426 973 1484 Ante
988 1425 1051 1484 haeo

169 1504 257 1563 taleae
287 1504 394 1580 pedem
423 1503 521 1578 longae
550 1505 654 1562 feracis
679 1505 777 1562 bamis
805 1503 906 1562 infixis
926 1511 998 1562 totae
1020 1505 1051 1561 in

169 1590 283 1642 terram
312 1583 555 1658 infodiebantur3
585 1584 844 1661 mediocribusque
871 1585 1051 1648 intermissis
1067 1585 1102 1644 15

170 1663 280 1738 spatiis
301 1664 440 1721 omnibus
462 1663 536 1721 locis
557 1663 793 1735 disserebantur,
815 1682 890 1740 quos
911 1663 1051 1722 stimulos
1148 1701 1152 1708 -

170 1743 376 1801 nominabant.
872 1757 874 1762 ’

170 1879 171 1882 ,
212 1823 257 1884 t4.
282 1823 340 1880 His
368 1823 458 1880 rebus
485 1821 626 1898 perfectis
652 1821 791 1898 regiones
813 1829 935 1882 secutus
959 1840 1050 1900 quam

170 1903 272 1979 potuit
301 1903 491 1978 aequissimas
518 1919 572 1978 pro
600 1902 658 1960 loci
685 1910 795 1961 natura
824 1903 1050 1979 quatuordecim

171 1982 254 2040 milia
282 1987 426 2058 pessumn
454 1982 638 2057 complexus,
660 2001 749 2058 pares
772 1984 905 2058 ejusdem
932 1983 1051 2058 generis
1066 1985 1104 2042 20

172 2062 364 2132 munitiones,
380 2062 518 2119 diversas
539 2061 577 2119 ab
597 2062 655 2133 hie,
670 2069 775 2120 contre
794 2063 970 2121 exteriorem
985 2062 1053 2120 hos-

170 2146 233 2198 tem
247 2141 380 2217 perfecit,
391 2147 425 2198 ut
439 2159 476 2198 ne
491 2159 604 2217 magna
614 2142 737 2218 quidem
748 2142 951 2212 multitudine,
966 2143 991 2199 si
1006 2142 1050 2200 ita

172 2221 299 2292 accidat,
315 2222 379 2295 ejus
394 2220 530 2278 discessu
552 2221 754 2279 munitionum
775 2221 913 2297 praesidia
930 2222 1052 2280 circum·

171 2301 258 2358 fundi
271 2306 414 2376 possent;
436 2318 471 2359 ac
487 2319 523 2358 ne
538 2319 605 2358 cum
625 2301 759 2377 periculo
774 2301 933 2359 excestria
948 2302 1051 2376 egredi

171 2387 327 2455 cogantur,
350 2380 468 2438 dierum
493 2381 623 2455 triginta
642 2380 786 2457 pabulum
808 2381 1051 2457 frumentumque
1066 2383 1103 2440 25

173 2459 284 2518 babere
298 2478 404 2519 omnes
418 2467 596 2519 convectum
609 2461 703 2534 jubet.

213 2541 259 2602 tt.
283 2541 364 2598 Dum
379 2539 444 2598 hee
458 2539 497 2598 ad
511 2540 649 2598 Alesiam
664 2545 816 2615 geruntur,
833 2538 910 2600 Galli
927 2540 1052 2597 concilio

171 2619 340 2696 principum
365 2619 489 2691 indicto,
505 2637 565 2676 non
590 2637 694 2678 omnes
718 2636 779 2691 eos,
795 2620 845 2695 qui
867 2637 951 2677 arma
975 2620 1051 2677 ferre

171 2705 305 2776 possent,
322 2704 356 2757 ut
370 2699 488 2772 censuit
502 2698 746 2774 Vercingetorix,
762 2699 972 2757 convocandos
994 2705 1053 2757 sta·

170 2785 270 2850 tunnt,
287 2778 340 2837 sed
361 2785 475 2837 eertum
497 2795 655 2836 numerum
676 2779 782 2854 cuique
803 2797 840 2836 ex
861 2779 985 2837 civitate
999 2779 1052 2836 im·
1066 2781 1103 2839 3⁰

170 2859 337 2936 perandum
349 2877 356 2932 ;
379 2876 415 2916 ne
430 2863 518 2916 tanta
532 2857 726 2917 multitudine
740 2859 873 2927 confusa,
886 2876 940 2916 nec
954 2859 1053 2916 mode·

170 2939 231 2997 rari
253 2956 308 2997 neo
329 2939 499 2996 discernere
520 2955 592 2996 suos
612 2956 667 2996 nec
681 2937 885 2995 frumentandi
906 2938 1053 2996 rationem

170 3018 283 3076 babere
297 3023 430 3093 possent.
473 3017 632 3093 Imperant
645 3017 757 3076 AEduis
777 3023 867 3092 atque
886 3034 989 3075 eornm
1004 3018 1053 3075 cli·

169 3098 303 3169 entibus,
321 3097 510 3173 Segusiauis,
526 3097 744 3167 Ambiuaretis,
761 3097 902 3155 Aulercis
916 3097 1049 3154 Brenno·

170 3177 297 3248 vicibus,
320 3177 504 3235 Brannoviis
524 3177 610 3234 milia
631 3177 759 3252 triginta
779 3177 927 3252 qninquo;
947 3194 1050 3252 parem
1066 3176 1101 3237 3!

169 3274 330 3315 numerum
352 3257 511 3328 Arvernis,
534 3257 684 3331 adjunctis
709 3255 868 3327 Eleutetis,
895 3255 1049 3328 cadurcis,

170 3337 306 3407 Gabalis,
317 3336 475 3406 Vellaviis,
485 3335 536 3412 qni
551 3335 608 3394 sub
623 3335 749 3411 imperio
763 3336 970 3393 Arvernorum
984 3354 1051 3394 esse

168 3422 384 3490 consueruntp
394 3414 553 3492 Sequanis,
571 3413 750 3483 Senonibus,
765 3414 963 3488 Biturigibus,
978 3412 1052 3474 San·

169 3497 261 3569 tonis,
288 3495 430 3569 Rutenis,
456 3493 641 3555 Carnutibus
663 3494 805 3553 duodena
826 3494 927 3568 milia;
955 3493 1052 3551 Bello·
