2524 3776
166 264 210 330 66
437 279 484 326 nn
509 279 632 328 nauto
658 277 834 328 estmoe.

218 431 365 489 vendidit.
408 431 461 489 Ab
482 428 538 500 his,
562 430 613 506 qui
635 434 779 501 emerant,
802 429 937 506 capitum
960 447 1103 488 numerus

218 511 256 568 acl
271 529 340 568 eum
354 510 468 568 relatus
482 516 530 568 est
544 511 661 568 milium
674 511 897 586 quinquaginta
911 509 1011 568 trium.

257 594 303 649 34.
328 591 444 649 Eodem
466 596 602 664 tempore
625 609 643 648 a
666 590 776 648 Publio
792 589 913 660 Crasso,
929 607 1018 665 quem
1034 608 1103 647 cum

216 669 337 744 legione
359 688 420 727 uua
442 671 567 728 miserat
585 670 623 727 ad
638 670 783 741 Venetae,
800 669 936 741 Unellos,
954 669 1101 740 Osismos,

183 751 200 808 t
218 749 426 820 Coriosolitas,
443 750 585 819 Esubios,
602 749 759 819 Aulercos,
776 749 928 820 Redones
944 767 1010 825 quae
1031 757 1102 808 sunt

216 831 377 888 maritima
402 831 544 887 civitates
567 829 782 906 Oceanumque
804 831 970 904 attingunt,
993 831 1102 888 certior

215 910 315 968 lactus
332 916 380 968 est
405 927 511 967 omnes
526 929 578 967 eas
593 911 735 968 civitates
756 911 787 967 in
808 910 955 968 ditionem
968 917 1091 985 potesta

213 995 335 1065 temque
349 990 453 1065 populi
470 990 601 1047 Romani
616 1008 684 1048 esse
698 990 846 1048 redactas.

254 1074 301 1130 35.
328 1071 387 1127 His
410 1070 500 1127 rebus
525 1071 631 1145 gestis
648 1070 729 1128 omni
754 1069 856 1129 Gallia
877 1075 996 1144 pacata,
1013 1075 1099 1127 tanta

163 1151 199 1208 10
215 1149 305 1225 hujus
318 1151 389 1208 belli
405 1151 444 1207 ad
460 1151 605 1208 barbaros
620 1150 722 1226 opinio
736 1150 854 1225 perlata
867 1156 924 1220 est,
940 1149 984 1207 uti
1001 1149 1099 1207 abhis

216 1230 399 1300 nationibus,
415 1248 481 1305 quae
496 1238 582 1287 trans
597 1229 741 1288 Rhenum
756 1230 930 1299 incolerent,
947 1230 1100 1287 mitteren-

215 1316 264 1367 tur
285 1310 378 1385 legati
401 1311 439 1368 ad
455 1310 616 1381 Oaesarem,
632 1311 683 1386 qui
705 1327 737 1368 se
761 1310 883 1368 obsides
897 1310 1031 1379 daturas,
1046 1309 1099 1365 im·

213 1397 320 1466 perata
334 1392 477 1461 facturas
495 1391 727 1466 pollicerentur:
749 1408 827 1465 quas
850 1389 1020 1464 legationes
1036 1389 1100 1448 an-

213 1488 270 1540 sar,
287 1471 366 1546 quod
389 1471 419 1528 in
439 1470 563 1528 Italiam
578 1470 794 1546 Illyricumque
816 1469 1006 1545 properabat,
1022 1469 1100 1527 inita

163 1551 198 1608 15
212 1552 351 1628 proxima
365 1555 471 1609 astate
494 1551 532 1608 ad
557 1568 589 1608 se
613 1551 725 1609 reverti
744 1551 846 1625 jussit.
889 1551 961 1625 Ipse
980 1549 1012 1605 in
1028 1548 1099 1607 Oar-

213 1638 312 1702 uutes,
329 1631 435 1688 Audes
458 1630 664 1705 Turonesque‚
677 1648 743 1706 quae
759 1630 900 1688 civitates
920 1629 1098 1704 propinquae

212 1710 260 1768 his
283 1711 357 1768 locis
379 1714 475 1780 erant,
491 1711 544 1768 ubi
566 1711 679 1768 bellum
703 1717 849 1785 gesserat,
873 1709 1046 1784 legionibus
1067 1709 1099 1766 iu

213 1791 408 1849 hibemecula
417 1791 555 1848 deductis
576 1791 608 1848 in
618 1791 741 1848 ltaliam
753 1791 907 1866 profectus
918 1795 975 1860 est,
986 1789 1024 1846 ob
1035 1807 1098 1846 cas-

212 1889 270 1947 que
284 1889 333 1929 res
358 1889 395 1928 ex
415 1870 525 1929 litteris
548 1870 679 1929 Caesaris
704 1871 769 1928 dies
791 1870 964 1946 quindecim
986 1869 1099 1944 suppli·

160 1950 199 2010 20
213 1951 293 2010 catio
307 1951 428 2010 decreta
441 1958 497 2024 est,
512 1951 593 2027 quod
608 1956 678 2008 aute
694 1950 725 2008 id
739 1955 862 2026 tempus
876 1949 986 2008 accidit
999 1948 1084 2008 nulli.
