2548 3774
217 289 275 359 132
490 302 536 349 on
562 301 684 376 annno
709 301 887 370 onnnroo.

265 453 461 516 Eratostheni
481 458 513 511 et
527 452 709 528 quibusdam
725 452 838 512 Graecis
854 451 935 526 fama
955 458 1059 510 notam
1079 461 1147 512 csse

264 537 361 607 video,
376 551 468 611 quam
490 533 533 590 illi
551 533 716 609 Orcyniam
745 533 924 608 appeliant),
940 532 1044 591 Volcae
1074 534 1143 592 Teo

266 623 390 690 tosages
404 618 628 689 occupaverunt
642 621 734 689 atque
755 613 797 670 ibi
819 613 1027 671 consederunt.
1070 614 1144 686 Qua

267 714 343 772 gens
358 695 395 752 ad
411 694 468 752 hoc
482 699 604 769 tempus
626 693 674 750 his
695 693 818 750 sedibus
836 710 902 750 sese
918 694 1052 751 continet
1066 711 1145 754 suma

232 780 250 836 5
265 793 404 851 mamque
421 773 513 832 habet
529 774 657 847 justitiae
672 778 703 830 et
717 773 828 830 bellica
842 773 942 830 laudis
956 773 1143 849 opinionem:

265 874 344 914 nunc
364 854 445 931 quod
467 855 499 911 in
520 854 627 911 eadem
646 853 756 928 inopia,
779 859 915 928 egestate
937 853 1145 928 patientiaque

265 935 409 995 Germani
429 939 615 1010 permanent,
630 933 737 990 codem
754 934 836 990 victu
858 939 889 990 et
909 933 991 990 cultu
1013 933 1145 1007 corporis

265 1021 408 1088 utuntur3
424 1014 521 1072 Gallis
532 1019 633 1071 autern
649 1013 873 1088 provinciarum
889 1013 1099 1089 propinquitas
1114 1018 1146 1070 et

264 1094 536 1153 transmarinarum
563 1109 663 1150 rerum
690 1093 799 1150 notitia
833 1093 930 1150 muita
955 1094 994 1151 ad
1023 1093 1143 1168 copiam

218 1176 250 1235 10
266 1181 355 1250 utque
379 1191 452 1231 usus
476 1173 622 1247 largitur3
654 1173 800 1247 paulatim
823 1173 987 1230 assuefacti
1010 1172 1145 1248 superari

265 1254 427 1329 multisque
443 1253 516 1310 victi
531 1252 644 1327 proeliis
669 1271 706 1310 ne
726 1253 894 1328 sequidem
917 1253 976 1329 ipsi
998 1252 1145 1310 cumillis

265 1336 377 1391 virtute
399 1338 582 1407 comparant.

305 1416 350 1472 25.
374 1413 475 1486 Hujus
487 1411 649 1487 Hercynia
659 1411 752 1483 silvae,
762 1430 828 1487 quae
838 1429 929 1488 supra
936 1413 1146 1470 demonstrata

264 1499 320 1562 est,
335 1493 466 1550 latitudo
481 1509 589 1549 novem
604 1491 720 1548 dierum
734 1492 792 1549 iter
805 1493 946 1567 expedito
960 1498 1062 1568 patet:
1084 1510 1145 1550 non

217 1575 250 1632 15
264 1574 345 1630 enim
367 1571 454 1630 aliter
474 1571 551 1628 finiri
572 1577 682 1646 potest,
704 1589 800 1647 neque
822 1589 980 1629 mensurus
1002 1572 1145 1629 itinerum

266 1657 422 1709 noverunt.
465 1649 569 1708 Oritur
591 1650 628 1708 ab
650 1650 862 1708 Helvetiorum
883 1657 914 1708 et
935 1651 1099 1709 Nemetum
1114 1658 1147 1710 et

265 1732 471 1790 Rauracorum
494 1730 611 1802 iinibus,
627 1737 768 1806 rectaque
791 1731 924 1788 fluminis
947 1731 1081 1789 Danubii
1103 1751 1147 1790 rc·

265 1813 355 1886 gione
369 1811 501 1887 pertinet
515 1810 552 1867 ad
568 1809 642 1867 tinea
657 1810 808 1868 Dacorum
824 1817 855 1868 ct
871 1811 1052 1870 Anartium:
1076 1811 1146 1870 hinc

265 1910 297 1949 se
314 1891 406 1949 flectit
421 1890 614 1956 sinistrorsus
628 1890 758 1948 diversis
774 1890 812 1947 sb
823 1890 944 1948 flumine
959 1893 1145 1967 regionibus

214 1974 250 2030 20
266 1971 487 2045 multarumque
503 1970 641 2044 gentium
663 1969 737 2027 fines
758 1978 880 2046 propter
901 1973 1145 2046 magnitudinem

265 2051 406 2126 attingit;
428 2068 524 2125 neque
539 2050 700 2126 quisquam
721 2057 769 2107 est
790 2049 879 2124 hujus
901 2050 1077 2121 Germania,
1093 2053 1146 2128 qui

265 2148 297 2188 se
319 2136 372 2188 aut
394 2131 494 2187 adisse
517 2131 555 2188 ad
575 2129 695 2186 initium
710 2131 775 2203 ejus
796 2130 880 2186 siivae
894 2131 986 2200 dieat,
1002 2149 1070 2189 cum
1085 2133 1148 2190 die·

264 2227 331 2268 rum
346 2210 404 2267 iter
418 2210 578 2284 sexaginta
593 2211 779 2284 processerit,
796 2216 849 2268 aut
863 2228 923 2286 quo
938 2228 976 2267 ex
990 2211 1056 2269 ioco
1071 2213 1146 2270 oria·

264 2296 322 2360 tur,
336 2290 501 2364 acceperit:
523 2289 677 2364 multaque
693 2289 722 2345 in
738 2308 775 2346 ea
790 2307 903 2364 genera
913 2290 1045 2348 serarum
1061 2293 1145 2349 nasci

108 2385 110 2388 ·
214 2369 249 2426 25
265 2375 392 2439 constat,
408 2387 474 2445 quae
489 2368 613 2444 reliquis
627 2369 658 2424 in
674 2368 748 2426 locis
764 2369 831 2428 visa
846 2387 906 2426 non
929 2370 1008 2430 sint:
1030 2390 1067 2428 ex
1083 2372 1147 2446 qui-

265 2450 321 2506 bus
342 2467 408 2524 quae
429 2449 561 2506 maxime
582 2448 722 2507 differant
743 2449 782 2506 ab
804 2450 913 2508 ceteris
934 2456 966 2509 et
993 2452 1147 2509 memoriae

264 2529 420 2605 prodenda
433 2529 603 2599 videantur,
620 2528 683 2586 haec
697 2535 776 2588 sunt.

265 2626 267 2631 ’
306 2611 351 2667 26.
375 2609 432 2665 Est
444 2608 498 2666 bos
508 2608 588 2666 cervi
600 2607 705 2684 figura,
715 2611 800 2684 cujus
815 2627 833 2666 a
847 2608 947 2668 media
958 2609 1056 2668 fronte
1067 2610 1148 2669 inter

265 2706 353 2745 aures
368 2705 460 2744 unum
477 2705 568 2746 cornu
584 2688 707 2746 exsistit
720 2688 869 2747 excelsius
884 2690 1043 2766 magisque
1055 2690 1148 2749 direc-

214 2769 250 2827 80
265 2775 330 2826 tum
354 2768 410 2838 his,
426 2786 492 2843 quae
516 2767 603 2825 nobis
625 2773 697 2825 nota
719 2775 800 2839 sunt,
816 2770 964 2828 cornibus.
1009 2771 1059 2828 Ab
1081 2773 1147 2846 ejus

266 2865 385 2905 sunrmo
420 2848 500 2905 sicut
533 2847 642 2922 palmas
675 2849 811 2924 ramique
839 2848 899 2906 late
927 2849 1145 2909 diffunduntur.

265 2928 382 2985 Eadem
403 2933 452 2985 est
486 2927 603 2984 feminae
624 2928 775 3003 marisque
796 2943 912 2999 natura,
928 2929 1035 2988 eadem
1049 2930 1148 2989 forma

264 3006 506 3082 magnitudoque
519 3024 673 3065 cornuum.

306 3090 351 3148 27.
376 3086 453 3144 Sunt
464 3087 623 3161 itemquae
638 3086 829 3161 appellantur
840 3087 928 3147 alces.
966 3088 1087 3146 Harum
1099 3093 1148 3148 ost

141 3218 148 3228 .
214 3166 431 3226 ascensionis
454 3166 569 3240 capreis
594 3160 693 3239 figura
715 3174 747 3224 et
769 3167 901 3225 varietas
924 3168 1070 3243 pellium3
1092 3170 1148 3227 sed

265 3244 476 3317 magnitudine
490 3244 580 3319 paulo
602 3246 786 3302 antecedunt
802 3247 977 3322 mutilaeque
998 3254 1072 3306 sunt
1085 3267 1149 3306 cor-

263 3323 352 3378 nibus
367 3329 397 3379 et
412 3340 499 3379 crura
514 3322 577 3379 sine
590 3324 677 3380 nodis
692 3325 889 3401 articulisque
906 3327 1034 3402 habeut3
1049 3346 1147 3404 nequa

264 3401 374 3474 quietis
389 3418 480 3457 causa
493 3403 701 3475 procumbunt,
713 3421 818 3478 neque,
829 3406 855 3462 si
870 3425 928 3481 quo
943 3405 1058 3464 afflictae
1073 3426 1145 3466 casu

264 3479 455 3550 conciderint,
465 3479 579 3554 erigere
594 3497 660 3538 sese
675 3489 729 3541 aut
743 3484 903 3542 sublevare
918 3492 1055 3562 possunt.
1088 3487 1147 3544 His
