2548 3774
473 291 586 338 11111
610 293 789 348 0111111.
1035 281 1097 347 111

162 457 197 498 11
211 440 374 516 praesentia
389 441 481 498 animi
491 442 557 502 fuit.
571 449 605 500 11
619 444 836 520 cum-undique
849 444 971 504 flamma
985 453 1044 505 tor·

162 528 297 579 tenentur
312 521 505 598 maximaque
520 523 650 580 telorum
667 524 860 583 multitudine
876 544 1044 601 premeren-

162 606 218 671 tur,
235 620 349 677 suaque
366 603 467 659 omnia
483 603 699 678 impedimenta
720 611 810 680 atque
832 623 937 664 omncs
952 607 1045 665 fortu-

161 699 217 738 nas
232 681 418 756 conflagrare
433 683 646 758 intelligerent,
663 701 723 741 non
744 685 834 742 niodo
851 686 1042 761 demigrandi

161 779 252 818 causa
267 763 303 819 de
320 762 400 819 vallo
424 763 582 820 decederet
596 781 694 835 nenio,
711 765 765 822 sed
787 783 871 839 paene
893 783 930 823 ne
952 767 1043 843 respi·
1078 769 1096 828 t

161 848 241 899 ceret
264 843 384 917 quidem
410 843 588 919 quisquam3
621 861 656 900 ac
680 850 745 901 tum
775 863 880 902 omncs
902 846 1045 906 acerrime

162 922 381 999 fortissimeque
408 930 588 998 pugnarent.
632 923 692 981 Hic
721 924 785 982 dies
813 926 925 998 nostris
953 927 1043 1002 longe

161 1002 362 1078 gravissimus
384 1003 459 1076 fuit3
481 1004 534 1060 sed
550 1009 652 1061 tamen
675 1004 754 1061 hunc
770 1003 877 1062 habuit
890 1013 1043 1079 eventum,

160 1088 195 1139 ut
215 1101 251 1140 co
273 1083 320 1140 die
342 1083 493 1140 maximus
515 1082 647 1141 hostium
669 1101 813 1141 numerus
834 1084 1044 1144 vulneraretur

140 1168 252 1237 Natque
267 1162 493 1234 interficeretur,
505 1169 539 1220 ut
554 1181 586 1220 se
602 1163 659 1220 sub
675 1164 742 1238 ipso
758 1164 838 1221 vallo
853 1167 1041 1241 constipare·
1062 1167 1096 1226 10

159 1249 229 1300 rant
247 1260 457 1319 recessumque
478 1243 584 1319 primis
605 1243 704 1300 ultimi
725 1260 784 1301 non
801 1245 922 1303 dabant.
966 1247 1042 1304 Pau·

159 1322 222 1380 lum
234 1324 357 1398 quidem
373 1323 547 1380 intermissa
562 1323 684 1380 flamma
698 1329 729 1380 et
741 1324 871 1398 quodam
887 1325 952 1383 loco
966 1326 1042 1383 turri

160 1404 270 1460 adacta
285 1410 316 1461 et
330 1403 526 1478 contingente
541 1403 665 1473 vallum,
682 1404 778 1460 tertiae
794 1404 927 1462 cohortis
943 1411 1045 1462 centu-

160 1483 260 1540 riones
280 1502 318 1541 ex
337 1501 382 1554 ec,
398 1501 458 1559 quo
480 1482 611 1553 stabant,
626 1483 692 1540 loco
707 1491 896 1542 recesserunt
911 1502 1042 1559 suosque

159 1581 265 1620 omncs
287 1568 497 1636 removeruut;
519 1570 596 1620 nutu
620 1563 802 1638 vocibusque
821 1564 934 1634 hostes,
951 1565 977 1621 si
1000 1565 1095 1623 11-15

159 1643 249 1701 troire
271 1644 391 1714 vellent,
414 1660 520 1700 vocare
549 1649 721 1717 eoeperunt;
743 1660 871 1718 quorum
898 1645 1041 1719 progredi

159 1741 253 1780 ausus
267 1730 314 1781 est
328 1740 423 1780 nemo.
467 1722 545 1780 Tum
560 1723 693 1780 exomni
709 1730 793 1797 parte
809 1723 961 1800 lapidibus
976 1742 1043 1782 con-

158 1805 248 1879 jectis
263 1803 415 1861 deturbati
430 1803 581 1878 turrisque
597 1819 743 1860 succensa
757 1809 812 1860 est.

199 1888 245 1941 44.
269 1884 366 1941 Erant
380 1882 411 1938 in
422 1901 458 1940 ea
470 1883 588 1957 legione
603 1883 760 1940 fortissimi
773 1883 828 1939 viri
842 1883 1040 1952 centuriones

158 1964 210 2038 qui
234 1964 298 2037 jam
326 1963 433 2038 primis
458 1963 614 2019 ordinibus
643 1963 927 2039 appropinquarent,
954 1963 1042 2021 Titus
1058 1965 1095 2022 20

160 2043 257 2100 Puliio
279 2049 310 2101 et
332 2042 444 2100 Lucius
467 2041 616 2100 Vorenus.
661 2043 703 2099 Hi
725 2049 888 2118 perpetuas
909 2044 987 2100 inter
1009 2061 1041 2101 se

159 2123 382 2182 controversias
403 2122 566 2192 habebant,
582 2122 706 2198 quinam
725 2123 932 2193 anteferretur,
950 2123 1043 2180 omni-

159 2204 274 2280 busque
290 2203 377 2261 anuis
389 2201 424 2259 de
439 2203 513 2260 loeis
523 2203 650 2260 summis
663 2202 870 2260 simultatibus
882 2204 1041 2260 contende·

159 2284 240 2342 bant.
286 2283 334 2340 Ex
356 2283 403 2340 his
420 2281 525 2352 Pulfio,
541 2300 609 2340 cum
632 2283 775 2339 acerrime
798 2283 834 2339 ad
857 2283 1041 2341 munitiones

159 2368 353 2439 pugnaretur,
369 2362 476 2436 “Quid
500 2362 651 2432 dubitas,''
674 2362 782 2437 inquit,
799 2361 965 2420 “Vorenei
989 2369 1042 2420 aut
1058 2363 1093 2421 at

160 2461 248 2518 quem
270 2445 370 2502 locum
390 2442 552 2517 probanda
569 2441 690 2499 virtutis
710 2449 770 2498 111
792 2441 969 2518 exspectas?
994 2443 1042 2500 hic

159 2524 224 2581 dies
239 2525 276 2581 de
296 2522 410 2580 nostris
432 2522 647 2580 controversiis
665 2521 843 2595 judicabit.”
885 2523 960 2580 Haec
975 2541 1042 2580 eum

159 2603 296 2675 dixisset,
320 2603 456 2678 procedit
486 2607 573 2660 extra
606 2599 798 2673 munitiones,
823 2621 941 2678 quaque
970 2620 1042 2678 pars

160 2683 294 2742 bostium
321 2682 543 2741 confertissima
568 2688 616 2738 est
641 2681 715 2752 visa,
743 2682 773 2738 in
799 2701 867 2739 eam
893 2683 1041 2758 irrumpit.

159 2763 208 2822 Ne
223 2765 366 2822 Vorenus
391 2763 513 2838 quidem
539 2767 604 2818 tum
630 2761 711 2818 vallo
737 2779 803 2819 sese
829 2763 972 2831 continet,
989 2762 1041 2819 sed
1058 2765 1096 2822 30

116 2903 121 2912 ,
159 2844 294 2902 omnium
306 2842 422 2900 veritus
434 2841 691 2899 existimationem
707 2842 910 2917 subsequitur.
947 2842 1044 2899 Medi·

158 2924 219 2982 ocri
242 2923 342 2998 spatio
362 2923 466 2979 relicto
488 2921 585 2978 Pullio
606 2921 701 2994 pilum
722 2921 753 2978 in
777 2921 881 2980 hostes
904 2921 1044 2979 immittit

159 3009 251 3080 atque
267 3021 361 3060 unum
377 3019 415 3060 ex
429 3001 623 3058 multitudine
638 3007 862 3076 procurrentem
877 3001 1043 3075 transjicit;

159 3102 218 3160 quo
239 3100 382 3159 percusso
404 3087 435 3138 et
455 3080 638 3151 exanimate,
662 3079 741 3138 hunc
763 3082 857 3138 scutis
879 3086 1044 3156 protegunt

160 3163 273 3234 hostes,
289 3163 320 3219 in
342 3162 427 3219 illum
448 3162 510 3218 tela
530 3160 665 3238 universi
681 3161 843 3234 conjiciunt
857 3179 955 3235 neque
970 3161 1044 3218 dant
1060 3161 1095 3216 35

160 3242 348 3319 regrediendi
365 3241 551 3298 facultatem.
595 3239 799 3314 Transfigitur
821 3247 939 3298 scutum
955 3239 1044 3297 Pulli·

160 3325 210 3382 oni
221 3329 253 3380 et
264 3327 404 3380 verutum
419 3321 449 3377 in
464 3321 564 3378 balteo
574 3319 723 3393 deligitur.
758 3319 882 3376 Avertit
897 3319 944 3376 hic
956 3336 1044 3377 casus

161 3403 305 3478 vaginam
320 3407 351 3460 et
366 3401 501 3474 gladium
518 3400 642 3457 educere
658 3398 780 3455 conanti
796 3399 934 3454 dextram
949 3415 1046 3454 mora·

163 3490 210 3541 tur
224 3499 349 3539 manum
362 3501 370 3556 3
384 3479 563 3556 impeditum
580 3477 685 3534 hostes
700 3477 936 3534 circumsistunt.
975 3474 1044 3532 Suc·
