2548 3774
466 296 580 343 arnna
605 295 777 353 Qurnros.
1040 283 1081 348 99

150 465 248 525 noque
263 463 366 504 eorum
382 463 506 503 numero
518 447 683 517 interfecto,
696 464 792 523 neque
804 446 850 503 sui
866 446 1029 522 colligendi

151 545 249 602 neque
270 527 455 584 consistendi
471 532 524 583 aut
538 543 575 583 ex
596 527 710 584 essedis
732 526 891 584 desiliendi
907 527 1030 586 faculta-

151 613 214 664 tem
229 607 383 664 dedorunt.
427 606 475 662 Ex
490 605 545 663 hac
560 606 633 681 fuga
654 607 800 681 protinus,
816 623 881 681 quae
896 607 1028 682 undique

152 692 364 756 convenerant,
393 684 505 742 auxilia
533 685 752 760 discesserunt}
782 704 876 761 neque
904 693 974 761 post
996 687 1027 746 id

153 772 273 840 tempus
301 782 434 840 unquam
461 765 589 822 sunnnis
617 765 772 823 nobiseum
802 766 895 841 copiis
924 766 1028 824 hostes
1061 779 1078 834 5

152 846 376 903 contenderunt.

192 928 237 983 18.
262 925 364 983 Caesar
379 923 501 998 cognito
522 925 647 982 consilio
668 942 773 982 eorum
794 925 832 982 ad
848 923 957 982 flumen
973 925 1026 983 Ta-

152 1005 260 1062 mesim
274 1005 306 1060 in
320 1003 394 1061 fines
407 1003 629 1062 Cassivellauni
644 1005 807 1062 exercitum
822 1005 925 1078 duxit3
947 1006 1027 1080 quod

152 1083 263 1141 flumen
286 1101 345 1140 uno
368 1083 491 1140 omnino
511 1083 576 1142 loco
598 1085 735 1160 pedibus,
752 1091 842 1161 atque
862 1084 918 1142 hoc
939 1101 1027 1159 aegre,

114 1205 115 1208 η
152 1165 275 1221 transiri
289 1169 399 1238 potest.
442 1163 488 1220 Eo
503 1181 571 1220 cum
586 1163 729 1234 venisset,
746 1164 880 1221 animum
896 1164 1028 1222 advertit
1045 1175 1079 1232 10

152 1244 191 1300 ad
207 1243 333 1301 alteram
348 1241 477 1300 fluminis
492 1243 587 1318 ripam
610 1261 738 1319 magnas
752 1261 820 1301 esse
835 1243 939 1318 copias
961 1244 1028 1302 bos·

152 1324 229 1380 tium
257 1323 439 1380 instructas:
468 1323 533 1398 ripa
561 1329 663 1380 autem
691 1330 757 1381 erat
781 1323 878 1381 acutis
901 1324 1027 1383 sudibus

151 1403 280 1478 praefixis
301 1402 435 1474 munita;
455 1402 648 1477 ejusdemque
669 1403 789 1478 generis
810 1403 866 1460 sub
881 1420 960 1478 aqua
980 1404 1028 1460 de-

151 1482 214 1539 fixae
237 1482 327 1539 sudes
348 1481 469 1538 flumine
483 1482 671 1556 tegebantur.
716 1483 776 1540 His
791 1483 880 1540 rebus
897 1483 1027 1558 cognitis

152 1579 170 1618 a
197 1561 328 1636 captivis
354 1559 557 1636 perfugisque,
581 1561 683 1620 Oaesar
707 1562 863 1638 praemisso
890 1563 1026 1638 equitatu
1044 1571 1079 1628 15

151 1642 311 1699 confestim
323 1641 457 1715 legiones
469 1640 612 1716 subsequi
623 1643 723 1716 jussit.
757 1641 816 1700 Sed
827 1660 864 1700 ea
874 1642 1026 1700 celeritate

151 1727 241 1796 atque
255 1738 291 1778 eo
306 1721 418 1795 impetu
440 1720 553 1777 milites
574 1721 680 1792 ierunt,
703 1739 771 1779 cum
792 1722 890 1796 eapite
912 1721 976 1779 solo
991 1740 1027 1779 ex

151 1819 230 1876 aqua
243 1806 405 1870 exstarent,
421 1806 455 1856 ut
475 1800 578 1858 hostes
598 1801 745 1876 impetum
765 1801 921 1876 legionum
937 1807 1026 1876 atque

150 1885 285 1956 equitum
301 1879 450 1936 sustinere
466 1897 525 1937 non
538 1888 663 1956 possent
684 1882 824 1957 ripasque
839 1881 1027 1938 dimitterent

150 1979 184 2018 ao
199 1979 232 2017 se
247 1961 327 2033 fugae
342 1959 528 2016 mandarent.
1042 1969 1078 2026 20

190 2043 236 2098 19.
268 2038 525 2109 Cassivellaunus
554 2045 589 2096 ut
617 2057 708 2115 supra
741 2040 1025 2110 demonstravimus

150 2120 232 2177 omni
254 2119 392 2194 deposita
412 2136 465 2193 spe
486 2119 696 2190 contentionis,
719 2119 853 2176 dimissis
878 2120 1028 2196 ampliori-

150 2200 206 2256 bus
234 2199 339 2273 copiiS,
363 2198 485 2255 milibus
512 2199 629 2256 circiter
650 2205 780 2275 quatuor
803 2199 1025 2257 essedariorum

150 2279 272 2349 relictis,
287 2278 396 2335 itinera
410 2284 515 2336 nostra
530 2279 679 2349 servabat,
695 2278 909 2354 paululumque
925 2297 962 2337 ex
976 2280 1027 2336 uia

149 2359 314 2416 excedebat
342 2357 472 2432 locisque
500 2358 654 2433 impeditis
683 2376 716 2415 ac
745 2358 935 2416 silvestribus
960 2377 1025 2416 sese
1042 2365 1078 2422 25

150 2438 330 2507 occultabat,
360 2444 450 2513 atque
478 2437 516 2494 iis
543 2438 727 2512 regionibus,
754 2439 862 2513 quibus
887 2456 942 2496 nos
970 2439 1028 2495 iter

150 2517 282 2575 facturos
302 2523 492 2591 cognoverat,
508 2535 617 2591 peoora
632 2523 722 2592 atque
744 2517 880 2575 homines
894 2536 931 2575 ex
945 2519 1027 2592 agris

149 2598 180 2654 in
194 2597 289 2654 silvas
304 2596 518 2672 compellebat:
540 2603 652 2669 etcum
672 2597 826 2672 equitatus
842 2603 944 2654 noster
958 2598 1028 2655 libe·

150 2677 212 2734 rius
222 2677 379 2752 praedandi
392 2676 591 2752 vastandique
603 2695 695 2734 causa
706 2694 737 2734 se
750 2677 781 2732 in
793 2695 882 2752 agros
891 2679 1029 2751 ejecerat,

149 2757 291 2814 omnibus
306 2756 365 2813 viis
380 2756 554 2829 semitisque
576 2756 745 2813 essedarios
759 2775 796 2813 ex
811 2757 897 2814 silvis
912 2757 1027 2814 emitte·
1043 2763 1080 2818 30

149 2835 202 2894 bat
225 2842 257 2894 et
271 2853 383 2909 magno
398 2853 466 2892 eum
481 2835 614 2910 periculo
625 2843 797 2893 nostrorum
808 2837 944 2911 equitum
959 2854 1027 2893 oum

150 2917 187 2973 iis
212 2915 401 2990 confligebat,
428 2920 517 2988 atque
542 2915 598 2972 hoc
623 2924 706 2972 metu
728 2915 820 2972 latius
836 2915 941 2990 vagari
963 2934 1029 2990 pro-

149 2995 281 3054 bibebat.
325 2994 573 3069 Relinquebatur,
599 3001 633 3051 ut
654 3008 750 3070 neque
773 2995 895 3069 longius
917 2996 954 3052 ab
978 3013 1027 3069 ag-

149 3077 230 3132 mine
244 3074 400 3148 legionum
421 3074 536 3130 discedi
560 3073 663 3132 Caesar
682 3080 844 3150 pateretur,
860 3080 891 3131 et
907 3079 1025 3131 tantum

150 3155 180 3211 in
206 3155 289 3228 agris
313 3153 472 3211 vastandis
495 3153 699 3229 incendiisque
722 3154 866 3211 faciendis
891 3152 1028 3211 hostibus
1044 3157 1080 3212 35

149 3240 314 3302 noceretur,
337 3239 485 3308 quantum
506 3233 607 3290 labore
629 3241 720 3309 atque
742 3233 849 3290 itinere
869 3232 1028 3306 legionarii

150 3315 262 3372 milites
277 3312 390 3370 efficere
405 3318 553 3387 poterant.

190 3397 237 3451 20.
260 3393 389 3450 Interim
404 3392 615 3459 Trinobantes
631 3408 723 3465 prope
739 3387 910 3444 firmissima
925 3403 1028 3442 earum

151 3473 310 3548 regionum
331 3471 451 3542 civitas,
466 3488 502 3527 ex
524 3487 585 3544 qua
603 3466 841 3524 Mandubracius
856 3463 1030 3519 adolescens
