2524 3776
168 294 210 360 52
438 307 485 355 nn
511 307 631 355 annno
658 306 832 355 atumem

220 458 424 534 signiferoque
439 458 606 530 interfecto,
616 459 705 534 siguo
721 458 843 526 amisso,
855 455 1040 532 reliquarum
1055 471 1100 514 co·

221 539 354 596 hortium
376 539 517 596 omnibus
537 539 598 596 fere
620 538 847 596 centurionibus
864 543 918 594 aut
932 535 1101 593 vulneratis

221 624 274 676 aut
289 619 404 690 occisis,
420 619 452 675 in
473 618 521 676 his
543 618 702 694 primopilo
727 617 837 675 Publio
857 616 961 675 Sextio
976 615 1099 685 Baculo,

220 699 386 757 fortissimo
401 699 475 768 viro,
492 699 597 756 multis
619 698 823 774 gravibusque
840 697 1015 754 vulneribus
1034 712 1101 753 oon·

187 781 205 840 5
221 779 308 849 fecto,
325 784 359 836 ut
375 781 439 853 jam
456 796 488 836 se
503 779 652 836 sustinere
668 795 728 835 non
743 784 865 853 posset;
887 776 1018 852 reliquos
1033 792 1099 832 esse

220 859 369 917 tardiores
394 864 426 916 et
441 859 602 916 nonnullos
618 859 656 916 ab
671 858 846 915 novissimis
861 858 981 915 deserto
995 854 1101 931 proelio

220 939 362 998 excedere
384 956 419 996 ac
440 939 502 996 tela
523 939 639 1012 vitare;
662 938 766 995 hostes
787 955 884 1012 neque
906 955 924 994 a
946 937 1042 994 fronte
1064 951 1103 992 ex

220 1019 361 1077 inferiore
376 1019 442 1077 loco
464 1019 628 1077 subeuntes
649 1018 850 1076 intermittere
874 1023 906 1074 et
921 1017 960 1074 ab
974 1022 1102 1091 utroque

221 1099 314 1156 latere
335 1100 468 1172 instare;
489 1104 521 1156 ct
534 1115 597 1156 rem
612 1116 679 1156 esse
702 1098 732 1154 in
754 1105 886 1172 angusto
904 1098 988 1166 vidit,
1004 1113 1101 1172 neque

170 1179 206 1236 10
221 1178 315 1235 ullum
330 1197 398 1237 esse
413 1178 591 1247 subsidium,
607 1178 689 1254 quod
711 1178 850 1235 submitti
871 1182 992 1253 posset:
1014 1182 1102 1234 scuto

222 1259 261 1317 ab
275 1259 451 1317 novissimis
467 1259 518 1316 uni
540 1258 629 1316 militi
643 1259 781 1316 detracto
797 1258 893 1335 (quod
908 1257 970 1333 ipse
985 1274 1021 1314 co
1036 1256 1102 1314 siue

222 1348 307 1398 scuto
331 1343 480 1415 venerat),
497 1338 528 1395 in
550 1338 679 1414 prImam
705 1338 799 1395 aciem
823 1338 971 1414 processit
1000 1341 1103 1395 ceniu-

221 1419 416 1494 rionibusque
440 1418 621 1475 nominatim
646 1418 814 1494 appellatis,
838 1417 971 1493 reliquos
999 1415 1102 1474 eohor-

221 1504 306 1556 tatus
320 1499 441 1568 milites,
458 1499 547 1573 signa
562 1498 670 1555 inferre
685 1503 716 1555 et
730 1497 900 1574 manipulos
922 1497 1023 1555 laxare
1040 1497 1103 1571 jus·

170 1580 207 1638 15
222 1579 269 1648 sit,
286 1596 345 1653 quo
360 1579 477 1637 facilius
493 1578 604 1653 gladiis
619 1578 665 1636 uti
680 1583 812 1654 possent.
857 1577 951 1652 Cujus
965 1576 1100 1634 adventu

223 1674 275 1734 spe
290 1658 377 1716 illata
392 1658 539 1716 militibus
565 1675 600 1715 aa
614 1658 821 1733 redintegrato
837 1658 948 1727 animo,
964 1673 1031 1714 eum
1047 1673 1102 1732 pro

221 1755 254 1795 ae
275 1757 401 1814 quisque
421 1739 454 1795 in
474 1745 638 1813 conspeetu
658 1737 850 1814 imperatoris
874 1739 984 1812 etjam
1003 1737 1034 1793 in
1054 1755 1103 1794 ex·

222 1820 327 1876 tremis
342 1819 406 1876 suis
420 1819 510 1876 rebus
535 1835 656 1894 operam
679 1835 791 1876 navare
821 1824 953 1894 cuperet,
977 1816 1102 1892 paulum

223 1897 358 1956 hostium
374 1900 507 1974 impetus
523 1899 662 1957 tardat—us
677 1905 732 1956 est,

170 1982 207 2039 20
263 1982 309 2037 26.
334 1978 446 2049 (laser,
469 1996 537 2036 eum
559 1979 720 2054 septimam
741 1978 900 2053 legionem,
923 1993 989 2053 quae
1013 1977 1103 2051 juxta

222 2059 408 2130 constiterat,
424 2060 497 2115 item
520 2059 621 2134 urgeri
645 2059 682 2115 ab
706 2058 793 2116 hoste
811 2059 947 2128 vidisset,
963 2057 1102 2116 tribunos

222 2138 354 2195 militum
369 2139 495 2210 monuit,
511 2145 547 2196 nt
567 2139 716 2214 paulatim
739 2156 805 2196 sese
827 2138 962 2213 legiones
983 2139 1103 2211 conjun-

223 2224 329 2293 gerent
353 2225 384 2276 et
399 2236 545 2276 conversa
562 2220 652 2294 signa
666 2219 697 2275 in
712 2218 816 2276 hostes
837 2218 990 2275 inferrent.
1035 2219 1103 2291 Quo

222 2298 396 2368 saetacum
419 2299 496 2356 alius
518 2298 569 2356 alii
592 2298 761 2356 subsidium
782 2298 993 2374 ferrataeque
1019 2297 1104 2355 time·

170 2379 206 2436 25
222 2383 289 2435 rent
306 2397 343 2436 ne
359 2379 458 2436 aversi
481 2380 518 2436 ab
534 2378 622 2436 hoste
644 2379 940 2448 circumvenirentur,
958 2377 1103 2436 audacius

223 2459 363 2516 resistere
376 2477 410 2516 ac
422 2459 529 2516 fortius
544 2475 679 2534 pugnare
694 2464 857 2533 coeperunt.
886 2458 1013 2515 Interim
1029 2458 1105 2515 mili-

222 2544 270 2596 tes
295 2539 447 2613 legionum
472 2539 610 2609 duarum,
634 2555 700 2613 qua
729 2539 760 2595 in
785 2539 954 2595 novissimo
982 2538 1104 2612 agmine

222 2619 364 2693 prasidio
399 2618 625 2693 impedimentis
659 2618 787 2688 fuerant,
815 2618 921 2692 proelio
949 2618 1103 2688 nunciato,

222 2716 312 2755 eursu
326 2699 461 2768 incitato,
478 2698 509 2755 iu
531 2715 650 2755 summo
670 2697 745 2756 eolla
768 2699 806 2756 ab
828 2697 967 2756 hostibus
989 2697 1106 2772 conspi-

170 2780 207 2837 30
222 2778 385 2835 ciebantur.
426 2778 468 2835 Et
482 2777 572 2836 Titus
587 2777 742 2836 Labienus
757 2778 866 2835 castris
881 2777 1015 2835 hostium
1029 2778 1105 2853 poti·

224 2863 275 2915 tus
299 2865 330 2915 et
344 2876 382 2915 ex
395 2857 461 2915 loeo
476 2859 637 2934 superiore,
648 2875 715 2933 quae
738 2875 786 2915 res
808 2858 839 2914 in
862 2857 975 2915 nostris
995 2859 1104 2916 eastris

223 2943 407 3012 gererentur,
424 2939 626 3012 conspicatus,
637 2937 785 2995 decimam
802 2937 950 3012 legionem
967 2937 1105 2995 subsidio

224 3018 336 3076 nostris
349 3019 440 3076 misit.
482 3019 617 3091 Quicum
629 3018 812 3093 exequitum
825 3024 856 3074 et
870 3017 1009 3075 calonum
1021 3018 1103 3092 fuga,

224 3115 284 3172 quo
306 3097 337 3155 in
358 3098 424 3155 loeo
445 3115 493 3154 res
508 3103 598 3168 esset,
615 3103 788 3173 quantoque
804 3097 835 3154 in
849 3097 982 3172 periculo
997 3101 1028 3154 et
1043 3115 1105 3154 cas-

174 3178 208 3237 35
224 3183 272 3234 tra
297 3182 327 3234 ei
348 3177 483 3251 legiones
509 3183 540 3234 et
561 3177 726 3251 imperator
748 3183 928 3248 versaretur,
947 3177 1105 3252 cognovis-

225 3261 301 3327 sent,
317 3256 392 3314 nihil
409 3257 446 3314 ad
462 3256 644 3314 celeritatem
661 3257 718 3314 sibi
734 3257 840 3331 reliqui
856 3257 998 3314 fecerunt.

265 3337 309 3398 27.
335 3337 453 3394 Horum
489 3338 622 3394 adventu
656 3342 744 3394 tauta
778 3354 877 3393 rerum
906 3337 1103 3394 commutatio

224 3422 272 3473 est
295 3417 384 3488 faeta,
407 3421 440 3474 ut
464 3417 568 3486 nostri,
586 3417 678 3474 etiam
702 3416 753 3492 qui
777 3416 953 3474 vulneribus
975 3416 1102 3474 confecti

223 3498 464 3573 procubuissent,
494 3498 589 3555 scutis
616 3497 711 3555 innixi
749 3496 886 3572 prolium
922 3496 1103 3572 redintegra
