2562 3770
483 329 595 379 traua
618 330 837 383 sapritius·
1047 318 1109 386 187

180 486 299 553 gerunt.
342 480 482 556 Repente
503 486 574 555 post
593 485 713 556 tergum
733 481 886 557 equitatus
907 482 1056 542 cernitnrr

181 563 321 620 cohortes
337 561 401 618 aliae
417 561 676 636 appropinquant:
699 560 802 620 hostes
816 568 904 637 terga
919 569 1055 622 venunt:

181 640 367 716 fngientibus
393 641 511 715 equites
539 646 718 698 occurrunt:
751 640 783 698 lit
810 659 923 717 magna
950 643 1055 702 credes.

182 721 331 790 Serulius,
358 721 420 778 dux
443 725 475 777 et
498 720 636 795 princeps
661 719 868 791 Lemovicum,
892 721 1055 797 occiditur;

181 799 484 858 Vercassivellaunus
499 799 657 857 Arvernus
672 799 761 857 vivus
782 801 813 858 in
835 801 906 876 luga
926 819 1057 878 compre-
1086 803 1106 868 ‚5

181 879 334 938 benditur:
364 879 453 953 signa
476 879 620 938 militaria
642 879 836 955 septuaginta
859 888 990 956 quatuor
1017 881 1056 940 ad

181 960 330 1018 Caesarem
346 960 528 1016 referuntur:
543 957 632 1035 pauci
643 975 680 1016 ex
690 963 777 1016 tanto
792 977 915 1018 numero
930 978 962 1018 se
978 961 1056 1020 inco·

180 1039 276 1097 lumes
301 1039 332 1096 in
357 1044 458 1096 castra
482 1038 639 1113 recipiunt.
683 1037 858 1114 Conspicati
882 1057 919 1097 ex
943 1041 1054 1117 oppido

179 1119 290 1177 caedem
304 1125 335 1176 et
350 1119 454 1194 lugam
474 1135 606 1186 suorum,
623 1118 782 1193 desperata
798 1117 903 1190 salute,
920 1121 1023 1195 copias
1037 1139 1056 1178 a

179 1198 397 1257 munitionibus
412 1197 566 1256 reducunt.
609 1196 660 1254 Fit
679 1198 819 1272 protinus
835 1197 890 1256 hac
904 1216 934 1256 ra
950 1200 1055 1258 audita
1072 1201 1108 1260 10

179 1295 215 1336 ex
226 1278 336 1336 castris
352 1278 508 1338 Gallorum
523 1277 604 1352 fuga.
649 1277 737 1349 Quod
752 1277 811 1335 nisi
827 1279 939 1336 crebris
961 1280 1055 1338 subsi-

179 1358 238 1428 diis
254 1376 289 1416 ac
303 1358 398 1415 totius
413 1356 472 1414 diei
493 1357 593 1414 labore
609 1355 721 1414 milites
742 1364 845 1414 essent
860 1357 979 1428 defessi,
995 1377 1056 1417 om·

179 1455 232 1495 nes
257 1437 390 1495 hostium
414 1435 506 1511 copisa
536 1435 628 1492 deleri
652 1437 830 1510 potuissent.
885 1437 931 1495 De
955 1439 1056 1497 media

179 1523 265 1574 nocte
281 1517 392 1573 missus
405 1516 559 1592 equitatus
575 1515 772 1573 novissimum
784 1535 893 1590 agmen
902 1518 1057 1594 consequi·

178 1602 243 1654 tur:
260 1613 387 1671 magnus
402 1613 544 1653 numerus
559 1595 675 1670 capitur
689 1600 778 1670 atque
794 1596 977 1669 interficitur,
991 1597 1056 1656 reli·
1071 1599 1103 1656 15

177 1677 229 1751 qui
243 1694 282 1733 ex
296 1675 391 1751 iuga
383 1692 413 1732 111
427 1675 521 1734 civita
503 1681 568 1732 ates
522 1674 747 1732 tdiscednnt

218 1759 263 1815 89.
287 1756 415 1813 Postero
430 1755 478 1812 die
490 1754 721 1828 Vercingetorix
736 1754 863 1812 concilio
878 1728 1053 1828 convocato,

177 1834 208 1892 id
230 1852 262 1892 se
282 1835 392 1892 bellum
414 1833 581 1925 suscepisse
602 1850 662 1890 non
684 1851 807 1891 suarum
829 1835 1053 1906 necessitatum,

177 1915 231 1972 sod
246 1913 415 1972 communis
436 1913 567 1971 libertat'
545 1919 585 1970 trs
607 1929 698 1970 causa
712 1914 852 1971 demonst
840 1920 919 1989 trat3
940 1921 971 1972 et
985 1933 1055 1991 quo·

178 1995 261 2052 niam
287 1995 327 2052 sit
348 1994 474 2051 lortunae
496 1993 671 2061 cedendum,
694 1993 732 2050 ad
752 1999 914 2068 utramque
935 2011 997 2052 rem
1020 2013 1053 2052 se
1069 1996 1106 2053 20

94 2141 97 2144 ¹
176 2073 237 2132 illis
250 2073 365 2144 offerre,
382 2090 435 2130 seu
451 2078 546 2129 morte
568 2089 624 2132 sua
640 2071 789 2132 Romanis
810 2073 983 2131 satisfacere
999 2091 1052 2132 seu

179 2154 282 2210 vivum
303 2152 421 2210 tradere
443 2151 545 2211 velint.
588 2151 755 2209 Mittuntur
769 2153 813 2223 dc
835 2152 882 2209 his
904 2153 992 2210 rebus
1014 2155 1052 2212 ad

178 2225 329 2291 Caesarem
350 2232 451 2306 legati.
494 2231 589 2289 dubet
610 2248 694 2288 arma
714 2231 802 2300 tradi,
817 2232 967 2307 principes
988 2251 1054 2309 pro·

176 2312 252 2370 duci.
283 2311 354 2387 Ipse
368 2312 399 2369 in
413 2311 581 2368 munitione
592 2327 646 2386 pro
661 2311 770 2368 castris
784 2311 935 2369 consedit:
951 2329 986 2369 eo
1001 2313 1053 2371 du·

176 2409 226 2449 ces
240 2392 454 2466 producuntur.
498 2389 728 2464 Vercingetorix
742 2390 871 2462 deditur,
888 2409 972 2450 arma
986 2410 1052 2468 pro·
1067 2394 1103 2452 95

175 2471 329 2545 jiciuntur.
370 2469 547 2528 Reservatis
561 2468 672 2527 AEduis
687 2476 777 2544 atque
788 2469 944 2541 Arvernis,
957 2472 982 2528 si
998 2489 1052 2546 per

174 2569 227 2609 eos
241 2550 383 2610 civitates
397 2567 571 2624 recuperare
592 2553 704 2623 posset,
720 2565 758 2606 ex
779 2548 901 2625 reliquls
923 2551 1051 2626 captivis

174 2636 240 2688 toto
265 2630 408 2688 exercitui
434 2630 535 2705 capita
558 2628 679 2704 singula
706 2628 815 2704 praedae
843 2630 963 2688 nomine
991 2631 1051 2689 dis-

174 2709 289 2768 tribuit.

215 2792 259 2847 90.
283 2788 342 2845 His
363 2788 452 2844 rebus
473 2786 615 2844 confectis
636 2787 668 2843 in
690 2778 809 2844 AElduos
834 2787 1048 2864 proficiscitur;
1064 2792 1101 2848 30

173 2869 328 2927 civitatem
356 2866 470 2942 recipit.
512 2866 558 2925 Eo
586 2866 680 2941 legati
708 2867 747 2923 ab
776 2866 924 2925 Arvernis
951 2869 1046 2939 missi,

173 2965 239 3024 quae
268 2947 428 3021 imperaret
455 2964 487 3003 se
516 2947 648 3004 facturos
674 2945 860 3022 pollicentur.
913 2947 1048 3022 Imperat

173 3044 318 3102 magnum
334 3044 490 3083 nnmerum
509 3025 653 3083 obsidum,
697 3025 849 3100 Legiones
871 3026 901 3083 in
922 3027 1048 3086 hiberna

173 3107 274 3164 mittit.
321 3105 516 3182 Captivorum
545 3105 662 3162 circiter
690 3104 799 3178 viginti
827 3106 909 3162 milla
936 3105 1047 3165 AEduis

174 3185 379 3261 Arvernisque
394 3185 499 3243 reddit.
545 3185 647 3242 'litum
663 3184 831 3242 Labienum
847 3185 964 3243 duabus
979 3204 1045 3243 cum
1061 3187 1096 3244 35

173 3265 341 3340 legionibus
355 3272 386 3323 et
400 3261 535 3341 equitatu
556 3265 587 3322 in
604 3263 760 3339 Sequanos
781 3263 925 3338 proficisci
943 3266 1045 3337 jubet:

122 3357 126 3362 ‘
173 3344 241 3402 huic
250 3344 388 3403 Marcum
401 3344 609 3419 Sempronium
621 3343 759 3401 Rutilum
770 3343 920 3402 attribuit:
938 3344 1046 3403 Caium

173 3423 301 3482 Falrium
316 3431 346 3482 et
362 3423 489 3482 Lucium
503 3423 671 3481 Minucium
686 3422 826 3480 Basilum
841 3441 908 3481 cum
929 3422 1046 3480 duabus
