2548 3774
174 263 236 328 162
446 277 492 324 na
518 277 639 324 sunno
665 276 840 325 olomeo

223 444 277 503 pro
294 427 379 502 Coto,
397 428 526 484 summis
541 426 649 502 opibus
663 431 883 503 pugnaverant.
920 425 967 484 Ex
980 425 1019 484 iis
1033 425 1111 502 Epo·

224 507 346 565 rederix
369 507 491 582 cognito
514 505 646 564 Litavici
668 507 793 565 oonsilio
815 506 914 563 media
935 506 995 564 iere
1022 515 1108 564 nocto

223 603 286 644 rem
301 588 339 644 ad
358 587 508 646 Caesarem
524 587 639 661 desert3
661 593 736 655 orat,
752 605 789 644 ue
804 586 937 660 patiatur
952 586 1106 643 civitatem

224 667 327 742 pravis
357 667 594 725 adolescentium
623 666 758 724 consiliis
782 666 820 723 ab
845 665 978 723 amicitia
1004 666 1106 741 populi

92 814 95 819 ¹
189 747 207 804 5
224 745 357 804 Romani
373 747 508 816 delicere,
523 747 605 821 quod
620 748 755 804 futurum
776 745 943 822 provideat,
959 745 984 803 si
1007 763 1038 802 se
1060 752 1106 804 tot

222 824 379 884 hominurn
401 827 487 884 milia
507 845 575 884 curn
591 827 731 884 hostibus
746 825 963 900 conjunxerint,
978 843 1105 900 quorum

221 906 351 964 salutern
379 925 474 982 nequa
500 906 662 982 propinqui
687 905 850 981 negligere,
874 923 971 980 neque
996 905 1104 963 civitas

222 983 280 1042 levi
295 995 449 1043 momento
464 986 615 1043 aestimare
630 992 741 1062 posset.

261 1068 306 1123 40.
330 1065 447 1139 Magna
469 1065 592 1124 affectus
614 1065 817 1124 sollicitudine
839 1064 895 1122 hoc
916 1064 1025 1121 nuncio
1041 1062 1104 1123 Cra·

92 1201 95 1210 ,
170 1145 205 1203 10
220 1161 278 1214 sar,
295 1146 375 1220 quod
397 1163 514 1219 semper
528 1143 698 1202 AEduorum
714 1145 830 1203 civitati
846 1143 992 1220 praecipue
1007 1143 1103 1201 indul-

219 1232 308 1296 serat,
325 1226 409 1282 nulla
423 1226 605 1300 interposita
620 1225 806 1283 dubitatione
827 1225 963 1299 legiones
984 1223 1102 1299 expedi·

218 1314 268 1361 tas
284 1313 415 1378 quotuor:
428 1305 659 1380 equitatumque
674 1323 793 1362 omnem
811 1323 848 1362 ex
862 1303 970 1362 castris
985 1303 1100 1378 educit;

217 1399 272 1442 nec
287 1385 344 1442 luit
358 1387 490 1460 spatium
506 1385 560 1442 tali
575 1392 709 1460 tempore
722 1385 759 1442 ad
771 1383 978 1442 contrahenda
989 1390 1098 1454 eastra,

217 1464 297 1537 quod
313 1482 360 1522 res
375 1465 475 1540 posita
490 1465 520 1521 in
536 1465 689 1522 celeritate
706 1465 871 1522 videbatur.
917 1463 1027 1522 (laium
1043 1461 1099 1520 Fa-

165 1541 200 1599 15
221 1540 303 1597 bium
325 1541 458 1615 legatum
480 1560 548 1600 cum
570 1542 739 1615 legionibus
761 1543 879 1601 duabus
902 1543 1010 1601 castris
1024 1563 1098 1620 prse-

220 1619 296 1676 sidio
312 1622 460 1696 relinquit.
505 1621 627 1678 Fratres
650 1620 782 1678 Litavioi
798 1639 865 1678 oum
881 1623 1095 1697 comprehendi

221 1700 373 1771 jussisset,
383 1702 473 1775 paulo
481 1709 551 1757 ante
562 1701 671 1775 reperit
678 1700 716 1757 ad
727 1699 831 1757 hostes
840 1701 1017 1776 profugisse.
1034 1703 1097 1762 Ad-

215 1776 353 1837 hortatus
364 1779 483 1850 milites,
495 1798 530 1836 ne
543 1781 712 1837 necessario
724 1787 858 1856 ternpore
868 1779 983 1837 itineris
991 1779 1095 1838 labore

214 1866 455 1931 permoveantur,
472 1860 677 1934 cupidissimis
693 1860 833 1917 omnibus
847 1877 1026 1937 progressus
1041 1866 1093 1917 rni-

161 1936 198 1993 20
213 1936 253 1993 lia
274 1957 417 2014 passuum
436 1939 544 2014 viginti
559 1943 700 2015 quinque,
717 1957 826 2014 agmen
841 1938 1011 1997 AEdnorum
1027 1959 1095 1998 con-

212 2018 355 2091 spicatus,
385 2019 522 2076 immisso
557 2020 695 2094 equitatu
729 2019 787 2076 iter
820 2037 922 2077 eorum
958 2025 1095 2077 inoratur

212 2104 301 2172 atque
316 2097 443 2174 impedit
461 2099 672 2175 interdicitque
694 2099 842 2168 omnibus,
859 2118 895 2156 ne
910 2117 1092 2176 quemquam

126 2173 129 2178 ’
210 2175 398 2236 interficiant.
441 2177 679 2254 Eporedorigem
702 2185 734 2237 et
755 2179 993 2252 Viridomarum,
1016 2198 1091 2255 quos

211 2255 255 2312 illi
280 2257 454 2316 interlectos
479 2259 705 2331 existimabant,
732 2261 811 2316 inter
834 2260 951 2334 equites
977 2260 1090 2317 versari

158 2334 194 2392 25
210 2353 340 2412 suosque
363 2339 511 2416 appellare
532 2340 627 2412 jubet.
672 2339 730 2397 His
753 2338 882 2414 cognitis
907 2344 938 2396 et
960 2339 1091 2397 Litavici

209 2415 314 2474 fraude
336 2426 494 2494 perspecta
513 2418 606 2477 AEdui
628 2437 737 2477 manus
755 2420 887 2489 tendere,
903 2419 1087 2476 deditionem

210 2496 378 2570 significare
393 2505 425 2555 et
438 2501 579 2575 projectis
594 2501 686 2557 armis
701 2505 829 2557 mortem
845 2499 997 2574 deprecari
1020 2499 1089 2558 inci·

207 2577 303 2651 piuut.
348 2575 506 2639 Litavicus
528 2598 596 2638 cum
618 2581 682 2636 suis
697 2579 864 2648 clientibus,
881 2579 990 2654 quibus
1006 2596 1089 2636 more

209 2655 365 2714 Gallorum
383 2660 468 2716 nefas
488 2665 536 2716 est
556 2660 648 2716 etiam
670 2659 702 2715 in
722 2665 856 2716 extrema
870 2658 991 2715 fortuna
1006 2658 1109 2716 deso-¹

155 2734 192 2790 30
206 2752 270 2792 rere
285 2742 437 2812 patronos
455 2738 639 2812 Gergoviam
653 2739 794 2814 profugit.

248 2818 292 2873 41.
318 2815 420 2875 (laser
434 2818 551 2875 nunciis
567 2819 606 2876 ad
621 2819 776 2876 civitatem
791 2817 959 2878 AEduorum
973 2817 1085 2888 missis

206 2895 258 2970 qni
285 2913 339 2952 suo
362 2897 503 2954 beneficio
528 2905 724 2956 conservatos
750 2897 899 2968 docerent,
922 2915 997 2974 quos
1017 2899 1087 2972 jure

206 2973 276 3031 belli
292 2974 456 3034 interlicere
470 2978 629 3052 potuisset,
646 2978 801 3054 tribusque
823 2978 905 3036 horis
926 2977 1023 3036 noctis
1038 2997 1088 3035 ex-

205 3055 309 3112 ereitui
326 3056 363 3112 ad
376 3057 508 3131 quietern
521 3057 610 3127 datis,
619 3065 718 3115 castra
730 3059 767 3116 ad
778 3057 962 3133 Gergoviam
978 3059 1083 3118 movit.

153 3134 189 3189 35
205 3133 308 3192 Medio
330 3135 389 3193 iere
412 3136 518 3194 itinero
540 3137 658 3212 equites
680 3138 717 3195 ab
738 3137 832 3196 Fabio
853 3136 946 3206 missi,
969 3143 1086 3210 quanto

204 3215 297 3271 resin
313 3215 444 3288 periculo
458 3216 557 3286 fuerit,
574 3224 746 3291 exponunt3
768 3217 894 3274 summis
912 3215 1008 3291 copiis
1022 3235 1086 3274 cas-

205 3297 252 3348 tra
281 3301 456 3368 oppugnata
485 3296 712 3369 demonstrnut3
744 3315 812 3354 cum
840 3295 943 3355 crebro
971 3295 1084 3369 integri

204 3369 332 3429 defessis
348 3375 542 3436 succederent
556 3382 733 3451 nostrosque
749 3377 871 3434 assiduo
886 3375 987 3438 labore
1003 3375 1085 3434 defa-

204 3449 345 3524 tigarent,
371 3454 480 3527 quibus
504 3461 627 3529 propter
651 3457 889 3531 magnitudinem
914 3460 1083 3516 castrorum
