2524 3776
195 287 237 351 30
466 303 513 351 nn
539 303 859 379 annno-caturco

288 457 332 512 39.
357 455 438 513 Dum
460 472 573 531 paucos
598 455 664 512 dies
687 455 725 513 ad
748 455 969 513 Vesontionem
1002 454 1044 512 rei
1069 455 1124 515 iru-

247 536 402 593 montariae
413 541 657 611 commeatusque
669 553 761 593 cansa
781 541 922 606 moratur,
936 553 974 592 ex
988 554 1125 611 perennc·

247 615 362 673 tatione
377 622 549 673 nostrornm
565 616 748 692 vocibusque
764 615 918 675 Gallorum
933 633 968 673 ac
983 628 1126 674 mercato-

248 712 323 763 rum,
339 696 391 771 qui
407 696 522 770 ingenti
545 696 756 770 magnitudine
774 714 932 772 corporum
948 695 1124 768 Gentianos,

213 775 231 832 5
247 775 414 834 incredibili
431 777 542 847 virtute
558 783 648 851 atque
663 776 876 834 exercitatione
897 776 929 832 in
952 776 1044 833 armis
1058 793 1124 834 esse

245 856 456 930 predicabant,
473 873 678 930 saepenumero
699 873 765 914 sese
780 873 848 915 cnm
869 856 914 914 eis
946 873 1124 930 congressos

245 953 282 994 nc
294 937 413 994 vultum
428 936 551 1012 quidem
566 943 655 1012 atque
671 936 765 993 aciem
781 935 934 994 oculorum
950 936 1025 993 ferre
1040 941 1126 1010 potu·

245 1015 314 1087 isse,
340 1022 444 1074 tantus
473 1017 573 1074 subito
598 1017 688 1074 timor
712 1034 831 1073 omnem
856 1015 1019 1074 exercitum
1042 1033 1114 1073 occu

244 1097 339 1171 pavit,
350 1102 384 1153 ut
395 1114 454 1153 non
465 1096 657 1154 mediocriter
668 1097 801 1154 omnium
818 1101 935 1153 mentes
947 1096 1124 1170 animosque

197 1173 230 1231 10
244 1176 440 1253 perturbaret.
497 1176 557 1235 Hic
590 1177 721 1252 primum
753 1181 837 1233 ortus
866 1181 914 1233 est
948 1193 966 1232 a
994 1175 1124 1233 tribunis

245 1256 384 1326 militum,
399 1256 549 1331 praefectis
562 1257 754 1332 reliquisque,
770 1257 821 1331 qui
837 1273 875 1314 ex
894 1254 969 1313 urbe
984 1255 1123 1313 amicitiae

245 1354 337 1394 causa
360 1336 510 1394 Caesarem
533 1337 629 1394 secuti
652 1354 712 1394 non
734 1353 879 1410 magnum
900 1335 932 1393 in
953 1352 984 1393 re
999 1335 1124 1393 militari

245 1434 334 1474 usum
359 1416 529 1474 habebant:
559 1433 685 1492 quorum
715 1417 801 1483 alius,
824 1416 884 1474 alia
907 1433 1001 1474 cansa
1028 1416 1123 1488 illata,

245 1514 337 1571 quam
352 1497 410 1553 sibi
425 1497 463 1554 ad
478 1496 726 1572 proficiscendum
748 1497 950 1554 necessariam
965 1512 1032 1554 esse
1047 1497 1124 1554 dice

195 1575 229 1631 15
245 1581 298 1645 ret,
345 1576 478 1651 petebat,
509 1579 628 1650 atejus
651 1577 807 1634 voluntate
829 1577 982 1635 discedere
1002 1577 1123 1634 liceret:

244 1656 380 1714 nonnulli
397 1657 508 1732 pudore
519 1656 650 1726 adducti,
661 1662 695 1714 ut
706 1656 824 1713 timoris
836 1655 1038 1731 suspicionem
1050 1656 1124 1713 vita·

244 1745 320 1807 rent,
336 1737 539 1794 remanebant.
583 1735 627 1794 Hi
648 1754 743 1811 neque
758 1736 877 1793 vultum
892 1735 1003 1810 fingere
1028 1753 1123 1810 neque

244 1816 395 1874 interdum
410 1814 550 1874 lacrimas
576 1822 677 1874 tenere
692 1813 850 1891 poterant:
873 1816 967 1874 abditi
983 1817 1013 1873 in
1027 1816 1124 1872 taber·
1162 1869 1178 1896 A·

245 1897 360 1954 naoulis
380 1902 529 1955 autsnum
541 1897 637 1953 fatum
649 1896 860 1972 querebantur,
871 1901 925 1954 aut
935 1913 1003 1955 cum
1017 1896 1125 1953 famili-

192 1975 229 2033 20
245 1976 762 2053 aribussuiaoommuneperieulum
772 1977 1001 2034 miserabantur.
1021 1975 1124 2050 Vulgo

245 2057 319 2115 totis
334 2057 443 2115 castris
458 2062 642 2114 testamenta
657 2057 903 2150 obsignabantur.
941 2055 1059 2113 Horum
1074 2074 1125 2113 vo·

244 2137 329 2195 cibus
339 2155 374 2194 ac
382 2121 490 2195 timore
501 2136 648 2212 paulatim
661 2137 782 2195 etiam*
762 2155 782 2193 ιι
787 2136 853 2212 ,qni
865 2153 1011 2210 magnum
1019 2136 1051 2192 in
1062 2153 1124 2193 cas·

243 2217 300 2274 tris
320 2235 409 2274 usum
432 2216 591 2288 habebant,
606 2217 685 2274 milit
673 2223 718 2274 tes
739 2217 998 2292 centurionesque,
1014 2216 1123 2291 quique

244 2297 393 2372 equitatui
409 2302 565 2372 praeerant,
580 2297 841 2372 perturbabantur,
881 2297 941 2370 Qui
960 2313 992 2353 sc
1014 2313 1051 2353 cx
1075 2295 1123 2354 his

191 2375 229 2432 25
244 2377 345 2434 minus
366 2376 489 2434 timidos
510 2377 678 2434 existimari
699 2377 850 2444 volebant,
867 2393 927 2433 non
949 2393 981 2432 se
1004 2375 1122 2432 hostem

244 2457 349 2527 vereri,
362 2455 415 2514 sed
430 2457 592 2531 angustias
604 2456 720 2513 itineris
734 2461 765 2512 ct
776 2455 894 2530 magnit
882 2456 1018 2513 tudinem
1034 2455 1123 2512 silva-

243 2553 309 2593 rum
312 2554 394 2612 ,qnae
405 2536 450 2594 int
437 2537 624 2594 tercederent
635 2536 733 2593 inter
722 2553 807 2628 ipsos
818 2541 908 2610 atque
921 2535 1122 2605 Ariovistum,

244 2622 297 2674 aut
310 2634 373 2674 rom
387 2616 623 2685 frumentariam,
639 2622 674 2672 ut
688 2613 763 2673 satis
781 2615 937 2674 commode
952 2615 1123 2690 supportari

243 2702 356 2771 posset,
385 2696 491 2754 timere
521 2695 669 2754 dicebant.
712 2695 859 2754 Nonnulli
887 2697 981 2754 etiam
1008 2694 1122 2754 Caesari

192 2777 229 2835 80
244 2776 470 2845 renunciabant,
487 2794 555 2834 cnm
570 2782 670 2833 castra
691 2777 804 2834 moveri
820 2794 854 2834 ae
872 2775 961 2851 signa
975 2775 1073 2833 ferri
1061 2794 1124 2850 Jus-

245 2857 344 2927 sisset,
357 2865 420 2913 ‘non
441 2856 503 2916 fora
518 2856 599 2914 dicto
620 2855 778 2914 audientes
798 2856 911 2914 milites
931 2873 986 2914 nec
999 2861 1122 2932 propter

245 2937 382 2994 timorem
398 2936 487 3010 signa
501 2935 623 2993 laturos

285 3019 330 3075 to.
355 3015 430 3073 Haee
441 3033 510 3074 cnm
522 3014 796 3084 animadvertisset,
809 3019 974 3072 convocato
998 3015 1124 3074 consilio

245 3097 439 3171 omniumque
454 3095 595 3152 ordinum
616 3095 654 3152 ad
676 3095 707 3152 id
722 3094 881 3153 consilium
898 3094 1043 3152 adhibitis
1058 3113 1124 3152 cen·

192 3176 422 3245 attractibus,
452 3175 647 3232 vehementer
673 3191 725 3231 cos
753 3173 924 3248 incusavit;
980 3175 1122 3250 primum,

245 3257 396 3331 quod‚out
410 3272 500 3329 quam
515 3254 546 3310 in
560 3259 678 3329 partem
695 3258 748 3310 aut
763 3271 820 3328 quo
841 3253 968 3312 oonsilio
982 3254 1124 3311 duceren-

245 3341 301 3405 tur,
313 3335 371 3392 sibi
380 3334 573 3410 quaerendum
584 3339 637 3390 aut
646 3333 842 3408 cogitandum
851 3338 1002 3409 putarent.
1035 3332 1124 3392 Ario

244 3414 358 3472 vietum
382 3431 414 3471 se
429 3414 551 3471 consule
573 3413 766 3488 cupidissime
789 3413 892 3489 populi
906 3413 1037 3472 Romani
1053 3413 1123 3470 ami·

245 3495 345 3552 citiam
360 3493 510 3571 appetisse
522 3513 529 3566 ;
551 3511 603 3552 our
618 3493 697 3550 hunc
710 3499 773 3551 tarn
787 3499 899 3551 temere
913 3492 1071 3569 quisquam
1083 3492 1123 3550 ab
