2524 3776
439 297 554 344 manu
578 297 785 346 SEOUNDUS.
1034 281 1077 346 49

143 449 284 517 habebat,
307 465 342 506 ac
364 446 466 522 Belgae
488 447 526 504 ad
554 446 684 505 Nervios
707 447 885 505 detulerant.
943 446 1025 504 Nam

142 529 222 603 quod
248 528 286 586 ad
315 527 418 584 hostes
440 527 708 602 appropinquabat,
731 526 946 584 consuetudine
968 543 1025 584 sua

144 608 247 666 Caesar
274 625 330 664 sex
357 606 491 681 legiones
519 607 677 681 expeditas
699 607 845 665 ducebat:
878 611 949 680 post
972 623 1025 664 eas

142 687 239 744 totius
261 687 410 744 exercitus
431 686 647 762 impedimenta
668 686 845 744 collocarat:
867 685 935 744 inde
957 686 1024 744 dure

142 766 287 840 legiones,
318 783 384 842 quae
418 765 553 841 proxime
587 765 765 841 conscriptas
800 772 895 834 erant,
924 771 1023 823 totum
1058 767 1076 826 5

142 863 254 920 agmen
269 845 451 902 claudebant
475 845 673 920 praesidioque
689 845 914 918 impedimentis
928 851 1022 902 erant.

100 936 106 956 “
142 925 272 1000 Equites
294 925 390 982 nostri
412 941 480 982 cum
498 924 703 982 funditoribus
724 925 952 1000 sagittariisque
975 923 1026 981 flu·

142 1023 212 1062 men
241 1003 424 1078 transgressi
462 1021 531 1061 cum
560 1002 693 1062 hostium
722 1005 860 1079 equitatu
885 1003 1024 1080 proelium

141 1085 368 1141 commiserunt.
412 1082 489 1144 Cum
511 1101 543 1140 se
565 1084 609 1140 illi
629 1084 796 1141 identidem
818 1084 849 1141 in
870 1084 964 1141 silvas
986 1083 1024 1142 ad

142 1181 215 1220 suos
230 1163 398 1239 reciperent
422 1180 456 1219 ac
471 1181 575 1220 rursus
589 1181 626 1220 ex
641 1163 720 1220 silva
740 1163 771 1220 in
793 1169 914 1221 nostros
934 1163 1026 1239 impc-
1041 1163 1077 1219 10

142 1249 209 1300 tum
232 1243 374 1313 facerent,
391 1261 486 1317 neque
508 1243 604 1299 nostri
625 1243 754 1317 longius,
770 1261 860 1317 quarn
874 1261 964 1318 quem
986 1243 1024 1300 ad

143 1322 233 1379 linem
261 1329 398 1399 porrecta
427 1322 492 1379 loca
524 1328 628 1398 aperta
655 1322 855 1398 pertinebant,
884 1323 1025 1381 cedentes

142 1402 263 1478 insequi
278 1402 439 1460 arderent:
461 1403 581 1459 interim
602 1403 738 1476 legiones
759 1419 820 1471 sex,
836 1419 903 1478 quae
921 1403 1025 1478 primae

143 1488 298 1551 venerant,
322 1499 410 1557 opere
431 1482 568 1539 dimenso
600 1489 701 1538 castra
722 1482 838 1539 munire
861 1487 1023 1558 coeperunt.

144 1560 208 1618 Ubi
230 1561 328 1636 prima
342 1561 560 1636 impedimenta
574 1562 669 1618 nostri
684 1562 832 1618 exercitus
848 1562 885 1618 ab
901 1561 957 1631 his,
974 1561 1025 1636 qui
1042 1559 1077 1616 15

143 1641 175 1697 in
187 1640 274 1698 silvis
286 1641 381 1699 abditi
392 1640 535 1711 latebant,
546 1641 613 1697 visa
625 1646 696 1698 sunt
706 1641 800 1715 (quod
814 1647 933 1716 tempus
948 1641 1026 1697 inter

144 1737 197 1778 eos
222 1720 430 1778 committendi
454 1720 552 1796 proelii
580 1721 786 1797 convenerat),
809 1721 861 1791 ita,
883 1726 918 1778 ut
945 1721 1026 1777 intra

144 1798 240 1856 silvas
266 1801 361 1857 aciem
391 1800 570 1874 ordinesque
593 1801 814 1857 constituerant
846 1805 938 1875 atque
966 1799 1026 1874 ipsi

145 1895 212 1936 sese
228 1879 487 1950 confirmaverant,
505 1879 604 1936 subito
627 1881 768 1936 omnibus
783 1880 876 1953 copiis
891 1880 1027 1955 provola

144 1965 257 2015 verunt
269 1959 474 2035 impetumque
484 1959 514 2015 in
527 1964 647 2016 nostros
658 1961 776 2034 equites
788 1960 929 2017 lecerunt.
967 1959 1026 2016 His
1041 1957 1078 2014 20

144 2039 233 2094 facile
247 2039 345 2112 pulsis
367 2057 401 2096 ac
422 2038 616 2114 proturbatis
632 2039 799 2096 incredibili
821 2039 972 2096 celeritate
989 2038 1027 2096 ad

144 2116 258 2174 flumen
279 2118 521 2188 decucurrerunt,
538 2125 573 2174 ut
593 2136 677 2193 paene
699 2137 758 2176 uno
780 2125 914 2193 tompore
935 2124 967 2175 et
988 2118 1025 2175 ad

144 2196 240 2254 silvas
266 2202 297 2255 et
318 2197 485 2255 influmine
510 2199 615 2271 etjam
630 2199 661 2254 in
676 2199 817 2256 manibus
833 2198 944 2255 nostris
960 2197 1027 2255 hos-

146 2283 195 2333 tes
220 2276 403 2336 videreutur.
448 2277 564 2334 Eadem
589 2284 691 2334 autem
717 2277 871 2335 celeritate
897 2280 1026 2334 adverso

144 2356 220 2413 colle
237 2356 275 2413 ad
290 2362 395 2414 nostra
410 2363 509 2414 castra
534 2362 623 2432 atque
638 2374 698 2427 eos,
715 2358 766 2432 qui
787 2357 818 2413 in
840 2374 928 2431 opere
944 2374 1028 2414 occu·
1042 2353 1078 2409 25

144 2436 211 2510 pati
226 2443 322 2506 erant,
339 2437 565 2494 contenderunt.

187 2517 233 2573 20.
259 2515 371 2573 Oaesari
400 2517 502 2573 onmia
529 2533 588 2572 uno
614 2520 749 2590 tempore
777 2521 864 2574 erant
891 2515 1025 2590 agenda:

145 2594 291 2651 vexillum
312 2596 550 2670 proponendum,
566 2596 646 2670 quod
671 2601 737 2652 erat
756 2595 885 2670 insigne,
901 2613 969 2652 cum
990 2594 1028 2652 ad

147 2691 232 2730 arma
247 2675 382 2732 concurri
397 2681 565 2749 oporteret:
589 2675 710 2750 signum
728 2675 801 2732 tuba
815 2675 966 2733 dandum:
989 2675 1027 2730 ab

146 2771 236 2827 opere
251 2754 413 2811 revocandi
429 2755 558 2811 milites:
580 2755 631 2830 qui
652 2754 742 2830 paulo
763 2754 884 2828 longius
906 2755 1028 2828 aggeris
1043 2751 1081 2808 30

145 2833 270 2907 petendi
298 2851 390 2890 causa
417 2840 633 2910 processerant,
663 2833 849 2892 arcessendi:
878 2835 957 2892 acies
987 2835 1029 2891 in·

144 2913 299 2981 struenda,
315 2913 427 2970 milites
447 2913 634 2983 cohortandi,
651 2915 771 2987 signum
787 2914 937 2971 dandum:
959 2931 1030 2988 qua

145 3011 212 3051 rurn
236 3009 334 3052 rerum
358 3011 498 3067 magnam
521 2999 639 3068 partem
667 2994 812 3070 temporis
837 2993 971 3052 brevitas
998 2997 1030 3050 et

144 3089 305 3132 successus
341 3071 474 3132 hostiurn
513 3073 704 3149 impediebat.
755 3074 814 3131 His
850 3073 1030 3132 difficultati-

145 3153 202 3210 bus
231 3154 298 3211 duae
323 3171 371 3211 res
398 3161 483 3212 erant
513 3155 656 3224 subsidio,
679 3154 806 3212 scientia
834 3160 923 3229 atque
956 3170 1030 3211 usus
1045 3151 1081 3208 35

145 3233 288 3301 militum,
310 3234 390 3308 quod
412 3235 616 3309 superioribus
637 3234 749 3309 proeliis
771 3234 934 3300 exercitati,
957 3233 1030 3308 quid

144 3311 206 3368 ficri
231 3319 391 3388 oporteret,
408 3332 467 3370 non
490 3315 591 3371 minus
614 3313 768 3372 commode
792 3313 849 3388 ipsi
878 3313 934 3370 sibi
958 3330 1031 3386 prae-

144 3393 283 3459 scribere,
299 3411 391 3467 quam
408 3394 444 3450 ab
459 3394 526 3450 aliis
542 3394 640 3452 doceri
662 3399 821 3468 poterant3
843 3399 874 3450 et
888 3392 968 3468 qued
991 3392 1028 3448 ab

144 3489 233 3547 opere
249 3473 437 3551 singulisque
452 3474 622 3548 legionibus
644 3473 781 3547 singulos
796 3473 913 3548 legatos
930 3470 1031 3529 Oaesor

266 3565 282 3611 4
