2548 3774
441 311 554 358 arasa
578 311 763 368 Quaarus.
1026 294 1068 362 79

131 477 241 522 manos
256 467 328 519 ‚tam
353 462 441 520 facile
463 461 585 538 impelli,
601 467 635 520 ut
659 463 691 520 in
714 462 845 522 Galliam
868 463 1015 534 venirent,

132 543 198 600 suis
213 561 333 619 quoque
354 543 452 610 rebus,
466 560 518 599 eos
539 543 644 614 timere
660 543 766 613 voluit,
781 561 850 601 cum
871 543 1018 618 iutellige-

130 629 200 680 rent
224 629 256 680 et
276 639 366 698 posse
390 628 422 679 et
444 623 553 680 audere
576 623 679 699 populi
700 623 832 681 Romani
851 623 1016 681 exercitum

133 702 278 761 Rhenum
303 703 441 760 transire.
485 702 626 760 Accessit
648 704 748 773 etiam,
764 704 844 779 quod
869 703 922 760 illa
944 720 1015 779 pars

131 783 289 858 equitatus
316 782 480 858 Usipetum
507 788 539 839 et
562 782 786 854 Tencterorum,
810 800 902 858 quam
924 801 1016 858 supra
1050 785 1067 843 d

131 862 369 920 commemoravi
395 862 550 936 praedandi
567 863 829 938 frumentandique
844 881 936 920 causa
952 863 1016 920 Mo-

132 961 199 1000 sam
215 942 363 999 transisse
389 959 485 1017 neque
507 943 613 1016 proelio
627 943 809 1012 interfuisse,
825 948 896 1018 post
909 942 1014 1017 fugam

133 1039 259 1080 surorum
284 1039 316 1079 se
346 1028 430 1079 trans
459 1021 602 1080 Rhenum
631 1022 662 1079 in
691 1023 764 1080 fines
788 1022 1014 1098 Sigambrorum

133 1109 286 1178 receperat
301 1120 392 1177 sequc
407 1121 474 1160 cum
489 1101 527 1159 iis
542 1103 745 1176 conjunxerat.
790 1103 841 1160 Ad
857 1120 932 1178 quos
947 1121 1014 1160 cum

134 1182 238 1240 Cesar
260 1183 387 1239 nuncios
412 1182 555 1252 misisset,
579 1183 630 1257 qui
655 1182 854 1258 postularent,
880 1200 940 1252 eoa,
965 1183 1015 1258 qui
1033 1185 1068 1243 lo

133 1263 192 1320 sibi
208 1261 374 1338 Galliaeque
394 1261 506 1320 bellum
528 1262 712 1332 intulissent,
729 1263 786 1319 sibi
808 1261 959 1332 dederent,
974 1281 1018 1320 re·

133 1343 338 1418 sponderunt:
397 1341 504 1416 Populi
529 1342 662 1399 Romani
686 1341 844 1417 imperium
873 1340 1016 1400 Rhenum

134 1422 235 1480 finire:
258 1423 284 1479 si
309 1440 342 1479 se
367 1422 465 1479 invito
485 1420 654 1480 Germanos
676 1422 708 1478 in
732 1422 864 1480 Galliam
887 1422 1015 1479 transire

134 1521 195 1560 non
216 1519 335 1577 aequum
350 1501 547 1571 existimaret,
564 1501 678 1558 cursui
694 1502 853 1577 quicquam
875 1519 941 1560 esse
964 1503 1017 1558 im·

134 1583 210 1658 perii
240 1588 293 1639 aut
320 1581 484 1656 potestatis
513 1588 599 1639 trans
641 1581 785 1639 Rhenum
820 1577 1013 1654 postularet?
1032 1583 1067 1641 16

133 1662 208 1720 Ubii
224 1668 335 1731 autern,
352 1661 403 1736 qui
424 1661 477 1718 uni
498 1679 536 1718 ex
551 1660 793 1718 Transrhenanis
809 1662 846 1718 ad
864 1660 1015 1719 Oaesarem

133 1742 253 1816 legatos
274 1742 430 1810 miserant,
447 1741 609 1798 amicitiam
627 1741 768 1810 fecerant,
786 1741 908 1798 obsides
930 1741 1018 1797 dedc-

132 1829 212 1891 rant,
229 1839 412 1894 magnopere
434 1821 570 1890 orabant,
615 1827 650 1877 ut
671 1821 729 1878 sibi
752 1821 897 1878 auxilium
915 1821 1015 1890 ferret,

133 1902 216 1977 quod
230 1901 365 1976 graviter
379 1902 416 1957 ab
433 1900 542 1958 Suavis
558 1907 781 1974 premerentur;
803 1901 860 1969 vel,
877 1901 903 1957 si
924 1901 954 1958 id
977 1900 1018 1957 fa·

132 1999 201 2039 cere
224 1981 472 2055 occupationibus
488 1981 659 2054 reipublicae
674 1980 892 2056 prohiberetur,
908 1981 1017 2047 exerci·
1032 1981 1069 2038 20

133 2067 199 2118 tum
223 2062 313 2118 modo
329 2060 472 2118 Rhenum
495 2065 732 2134 transportaret:
755 2061 786 2117 id
808 2061 864 2116 sibi
881 2061 919 2117 ad
936 2060 1015 2117 auxi·

133 2141 211 2199 lium
233 2159 377 2216 spemque
399 2140 506 2215 reliqui
521 2140 667 2215 temporis
689 2140 764 2197 satis
778 2140 930 2198 suturam:
952 2145 1018 2197 taa-

133 2227 202 2278 tum
225 2239 292 2277 esse
316 2238 425 2276 nomeu
449 2226 540 2294 atque
568 2220 738 2294 opinionem
765 2221 829 2292 ejus
858 2221 1015 2289 exereitus,

133 2301 295 2360 Ariovisto
310 2301 398 2375 pulso
417 2305 448 2357 et
459 2297 519 2356 hoc
531 2300 696 2356 novissimo
708 2300 811 2376 proelio
826 2300 914 2369 sacto,
924 2300 1015 2357 etiam

9 2429 10 2438 ἦ
134 2381 174 2439 ad
199 2381 322 2438 ultimas
348 2380 568 2438 Germanorum
594 2380 742 2448 nationes,
759 2379 802 2436 uti
826 2379 965 2454 opinione
987 2386 1018 2436 et
1033 2381 1070 2438 25

34 2515 37 2518 .
134 2460 272 2518 amicitia
287 2460 390 2535 populi
406 2459 539 2516 Romani
554 2460 613 2516 tuti
629 2477 696 2516 esse
712 2459 839 2534 possint.
884 2459 1017 2516 Navium

9 2541 10 2552 ¹
134 2558 278 2613 maguam
295 2539 412 2616 copiam
429 2540 467 2596 ad
481 2539 751 2615 transportandum
773 2539 936 2596 exercitum
959 2539 1020 2614 pol·

65 2665 69 2670 .
134 2619 311 2678 licebantur.

180 2701 222 2760 lt.
242 2698 345 2758 Caesar
360 2697 408 2757 his
419 2697 455 2755 de
470 2697 579 2756 causis.
590 2715 666 2773 quas
682 2697 925 2768 commemoravi,
937 2698 1018 2756 Rhe·

134 2797 208 2837 num
235 2779 363 2836 transire
392 2778 587 2851 decreverat3
624 2778 677 2835 sed
712 2778 842 2844 navibus
890 2778 1019 2836 transire
1034 2781 1070 2838 30

134 2877 233 2934 neque
264 2859 341 2915 satis
366 2864 466 2915 tutum
495 2875 562 2914 esse
591 2857 805 2926 arbitrabatur,
829 2875 927 2932 neque
956 2875 1018 2914 suae

134 2957 233 3014 neque
265 2937 368 3013 populi
400 2937 533 2995 Romani
561 2937 723 3010 dignitatis
757 2955 824 2994 esse
853 2938 1017 2996 statuebat

135 3019 257 3093 Itaque,
279 3019 337 3075 etsi
360 3035 478 3074 summa
499 3016 658 3074 difficultas
681 3016 809 3074 faciendi
830 3017 933 3091 pontis
954 3034 1020 3092 pro·

135 3098 307 3172 ponebatur
329 3102 451 3172 propter
472 3097 673 3166 latitudinem,
696 3096 891 3171 rapiditatem
918 3097 1019 3154 altitu-

68 3207 71 3212 ·
135 3178 299 3252 dinemque
315 3176 568 3245 fluminis-tamen
583 3176 614 3233 id
629 3176 687 3232 sibi
701 3176 944 3233 contendendum
966 3183 1019 3232 aut
1035 3178 1070 3234 35

136 3259 226 3314 aliter
250 3274 311 3314 non
333 3256 590 3313 transducendum
614 3256 778 3312 exercitum
814 3255 1017 3312 existimabat.

135 3337 304 3396 Rationem
324 3335 427 3412 pontis
448 3335 525 3393 hanc
553 3335 695 3394 instituit.
747 3334 848 3408 Tigna
868 3334 939 3390 bina
960 3351 1020 3390 ses-

134 3416 320 3492 quipedalia,
343 3415 468 3490 paulurn
497 3415 535 3472 ab
556 3415 617 3472 imo
638 3420 799 3490 praeacuta,
822 3413 959 3469 dimensa
981 3411 1025 3467 ad·

134 3496 330 3556 altitudinem
346 3494 487 3561 fluminis,
498 3493 658 3552 intervallo
672 3494 782 3569 pedum
800 3492 926 3549 duorum
942 3491 1020 3546 inter
