2548 3774
408 331 413 342 .
463 297 576 344 arnna
606 297 757 344 snxrus.
1022 284 1077 348 131

149 449 246 506 buunt
267 451 357 523 atque
379 465 459 505 anno
479 453 549 523 post
563 447 624 504 alio
637 447 766 504 transire
785 451 905 522 cogunt.
951 447 1026 523 Ejus

149 529 192 586 rei
207 527 320 585 multas
334 526 462 585 afferunt
476 544 585 584 causas
597 548 604 600 ;
626 545 662 584 ne
678 527 802 584 assidua
813 528 1028 586 cousuetudine

149 609 231 684 capti
246 607 379 665 studium
396 607 464 664 belli
479 607 603 682 gerendi
618 606 803 681 agricultura
823 615 1028 681 commutent3

150 706 187 746 ue
203 687 282 744 latos
296 686 370 743 fines
382 704 490 762 parare
505 688 649 744 studeant
670 686 913 762 potentioresque
935 686 1029 744 hurni-

150 768 239 825 liorcs
266 767 510 842 possessionibus
534 767 705 841 expeliaut;
735 784 771 824 ne
798 766 968 824 accuratius
989 766 1028 825 ad
1063 767 1080 826 5

151 848 264 922 frigora
280 851 369 922 atque
384 854 476 904 aestus
486 847 628 904 vitandos
643 846 807 920 aedificent;
828 864 864 904 ne
880 864 940 922 qua
954 847 1028 904 oria·

151 935 200 986 tur
214 927 349 1004 pecunia
360 925 519 1002 cupiditas
531 944 592 1002 qua
606 943 644 983 ex
658 943 690 984 re
705 926 851 984 factiones
866 926 1027 984 dissensio·

151 1026 262 1084 uesqne
279 1012 461 1080 naseuntur3
483 1011 517 1063 ut
539 1005 632 1062 animi
647 1006 789 1082 aequitate
803 1006 921 1081 plebem
937 1006 1028 1064 canti·

150 1095 250 1159 neaut,
274 1106 342 1145 cum
368 1103 439 1145 suas
463 1085 589 1163 quisque
615 1103 688 1161 opes
713 1103 781 1143 cum
806 1085 1028 1161 potentissimis

150 1168 261 1243 aequari
278 1168 385 1225 videat.
1044 1170 1079 1228 10

191 1250 236 1306 23.
261 1246 445 1306 Civitatibus
460 1247 593 1304 maxima
607 1245 674 1302 iaus
688 1251 736 1303 est
750 1262 841 1321 quam
859 1244 1027 1304 latissimas

150 1327 260 1385 circum
281 1345 313 1385 se
328 1327 458 1385 vastatis
473 1326 580 1384 finibus
602 1324 782 1383 solitudines
797 1324 914 1383 habere.
958 1326 1026 1384 Hoc

149 1407 300 1483 proprium
324 1406 448 1464 virtutis
469 1406 656 1476 existimant,
671 1405 814 1481 expulsos
836 1405 918 1480 agris
941 1404 1028 1462 finiti-

149 1504 215 1544 mos
237 1487 347 1556 cedere,
364 1503 459 1562 neque
475 1502 657 1560 quemquam
672 1502 764 1561 prope
786 1485 895 1542 audere
916 1485 1028 1542 consis-

148 1572 229 1623 tere:
252 1566 341 1623 simul
357 1565 413 1623 hoe
428 1583 459 1622 se
475 1566 536 1622 fore
552 1565 681 1622 tutiores
696 1564 888 1632 arbitrantur,
899 1565 1026 1640 repenti·
1044 1569 1078 1628 15

150 1663 193 1703 uae
209 1645 389 1703 incursionis
402 1645 509 1702 timore
525 1644 652 1702 sublato.
696 1644 774 1703 Oum
789 1644 901 1701 bellum
916 1644 1025 1701 civitas

148 1732 202 1782 aut
224 1724 342 1782 illatum
357 1725 492 1782 defendit
513 1730 566 1782 aut
587 1724 685 1794 infert,
701 1724 909 1798 magistratus
926 1723 976 1798 qui
997 1724 1025 1780 ei

148 1805 227 1862 bello
241 1805 374 1881 praesint,
390 1810 424 1861 ut
440 1805 509 1861 vitre
532 1804 671 1879 necisque
687 1803 819 1861 habeant
833 1809 1024 1878 potestatem,

148 1885 331 1960 deliguntur.
367 1884 404 1942 In
419 1902 492 1958 pace
507 1884 608 1940 nulius
623 1890 670 1942 est
684 1884 852 1942 eommunis
867 1883 1027 1957 magistra-

147 1971 206 2033 tus,
226 1964 280 2021 sed
304 1963 455 2038 principes
478 1963 636 2038 regionum
661 1969 750 2038 atque
773 1979 922 2037 pagorum
947 1963 1026 2024 inter
1042 1967 1079 2024 20

147 2061 219 2101 suos
236 2045 286 2117 jus
308 2043 413 2100 dicunt
433 2043 714 2118 controversiasque
729 2043 877 2100 minuunt.
921 2041 1027 2099 Latro·

147 2123 228 2180 cinia
247 2123 361 2180 nullam
377 2122 490 2180 habent
504 2122 668 2192 infamiam,
684 2140 750 2198 qua
773 2134 860 2179 extra
883 2120 956 2178 fines
978 2141 1027 2179 cu-

151 2205 262 2282 jusque
273 2203 408 2260 civitatis
420 2201 495 2259 fiunt
506 2223 514 2276 3
530 2207 620 2277 atque
629 2220 666 2258 ea
673 2202 846 2276 juventutis
854 2203 1026 2259 exercendae

146 2300 182 2339 ac
197 2282 320 2339 desidiae
335 2281 505 2339 minuenda
521 2297 614 2339 eausa
628 2281 690 2338 fieri
705 2281 877 2355 praedicant.
922 2282 1026 2357 Atque

147 2361 196 2418 ubi
210 2362 279 2438 quis
301 2361 545 2437 exprincipibus
565 2361 597 2418 in
618 2361 744 2418 concilio
765 2361 849 2432 dixit,
866 2378 898 2418 se
920 2362 1026 2419 ducem
1042 2364 1078 2422 25

147 2442 228 2514 fore3
250 2441 302 2516 qui
324 2441 408 2516 sequi
428 2440 531 2510 velint,
554 2440 766 2515 profiteantur;
787 2446 973 2515 consurgunt
995 2441 1025 2510 ii,

147 2521 197 2596 qui
211 2526 245 2578 et
259 2538 383 2582 causam
404 2525 435 2580 et
456 2519 609 2580 hominem
629 2520 767 2596 probant,
784 2538 930 2595 suumque
946 2519 1027 2577 auxi·

146 2600 220 2659 lium
235 2601 417 2676 pollicentur
432 2608 523 2678 atque
539 2602 577 2658 ab
591 2599 785 2658 multitudine
801 2600 1024 2658 collaudantur:

145 2681 196 2757 qui
211 2699 250 2739 ex
265 2682 304 2740 iis
320 2682 415 2739 secuti
431 2700 491 2740 non
503 2688 583 2752 sunt,
596 2681 627 2738 iu
642 2682 830 2739 desertorum
846 2698 880 2738 ac
894 2681 1027 2756 prodito·

145 2778 212 2818 rum
227 2778 353 2818 numero
364 2761 516 2819 ducuntur
534 2760 726 2836 omniumque
741 2760 790 2818 bis
805 2777 904 2818 rerum
919 2768 1026 2836 postea
1041 2763 1078 2819 30

146 2839 219 2898 fides
234 2841 407 2915 derogat—ur.
450 2840 598 2915 Hospites
613 2841 736 2910 violare,
753 2841 799 2897 fas
819 2858 880 2897 non
901 2845 1025 2916 putant;

144 2921 195 2996 qui
210 2937 398 2996 quacumque
414 2919 451 2978 de
465 2938 557 2978 causa
571 2921 609 2978 ad
624 2938 676 2978 eos
692 2925 847 2986 venerunt,
864 2921 903 2978 ab
917 2920 1026 2995 injuria

145 3000 313 3076 prohibent,
336 3004 458 3058 sanctos
485 2999 605 3068 babent,
628 3000 735 3075 hisque
763 3000 897 3057 omnium
917 3002 1026 3059 domus

145 3085 251 3156 patent
266 3079 422 3154 victusque
437 3080 682 3138 communicatur.

184 3161 230 3217 24.
255 3160 303 3217 Ac
328 3159 386 3216 fuit
409 3165 500 3216 antea
523 3165 651 3233 tempus,
667 3177 735 3217 cum
758 3158 1074 3218 GcrnranosGa11135

147 3238 258 3297 virtute
273 3245 458 3314 superarent,
475 3239 555 3296 ultro
572 3238 651 3296 beffa
665 3239 816 3306 inferrent,
832 3243 954 3313 propter
975 3237 1026 3295 bo

146 3318 260 3376 minum
272 3318 499 3376 multitudinem
509 3319 632 3394 agrique
645 3319 776 3392 inopiam
786 3324 871 3374 trans
881 3317 1024 3374 Rhenum

144 3398 279 3456 colonias
294 3398 458 3457 mitterent.
498 3397 605 3473 Itaque
620 3414 742 3473 eaquae
757 3395 943 3453 fertilissima
955 3394 1025 3453 Ger·

146 3477 252 3536 mania
274 3483 355 3550 sunt,
370 3477 437 3534 loca
458 3477 569 3534 circum
585 3476 772 3551 Hercyniam
793 3474 901 3531 silvam
918 3473 1021 3548 (quam
