2524 3776
509 288 623 336 ursus
648 289 800 339 seruus.
1083 276 1121 341 21

180 442 313 518 impetus
335 441 427 514 lieret,
449 447 551 501 monte
574 447 720 518 occupato
738 450 858 498 nostros
870 443 1067 517 exspectabat

181 523 344 598 proelioqne
368 523 551 580 abstinebat.
595 522 696 579 Multo
719 521 847 596 denique
876 522 924 578 dio
947 539 1000 598 per
1020 539 1068 580 ex-

180 603 348 678 ploratores
365 603 468 662 Caesar
483 603 636 678 cognovit,
653 608 684 660 et
699 608 832 659 montem
849 619 867 658 a
883 603 947 659 suis
962 602 1066 671 teneri,

180 690 212 740 et
234 683 396 741 Helvetios
418 689 520 740 castra
540 683 682 753 movisse,
698 689 730 739 et
753 681 929 740 Considium
957 681 1065 740 timore

181 763 384 838 perterritum,
400 764 480 838 quod
501 780 562 821 non
579 763 712 832 vidisset,
728 779 782 838 pro
799 761 864 819 viso
887 761 943 820 sibi
957 779 1066 819 renun·
1100 764 1117 820 5

180 843 285 902 classe.
329 843 375 901 Eo
404 844 452 900 die
491 861 552 919 quo
581 849 741 901 consuerat
768 841 929 900 intervallo
961 841 1065 899 hostes

180 924 326 998 sequitur,
344 933 375 981 et
397 924 481 981 milia
514 940 660 999 passuum
683 923 743 980 tria
767 922 804 978 ab
827 940 930 978 eorum
955 922 1064 980 castris

180 1010 281 1063 castra
295 1005 391 1080 ponit.

223 1086 268 1142 23.
292 1084 445 1142 Postridie
466 1085 530 1158 ejus
545 1083 613 1154 diei,
629 1083 709 1159 quod
731 1082 853 1140 omnino
868 1082 993 1140 biduum
1015 1099 1063 1140 su-

177 1169 306 1238 pererat,
326 1183 394 1222 cum
414 1164 558 1222 exercitui
573 1165 758 1221 frumentum
779 1162 879 1220 metiri
900 1169 1060 1237 oporteret,
1079 1164 1114 1221 10

177 1250 209 1302 et
224 1245 304 1319 quod
320 1263 337 1302 a
352 1245 502 1314 Bibracte,
516 1244 625 1319 oppido
640 1244 810 1302 AEduorum
826 1243 915 1317 longe
927 1243 1060 1300 maximo

176 1331 209 1382 et
223 1326 441 1399 copiosissimo,
454 1343 513 1383 non
530 1325 661 1400 amplius
686 1323 809 1380 milibus
823 1340 969 1397 passuum
982 1328 1061 1381 octo·

177 1405 275 1462 decim
291 1406 403 1475 aberat,
420 1406 462 1463 rei
477 1405 679 1462 frumentariae
693 1403 935 1480 prospiciendum
957 1403 1060 1461 existi-

176 1486 282 1556 mavit,
307 1487 364 1543 iter
392 1487 430 1542 ab
461 1484 612 1543 Helvetiis
641 1484 753 1542 avertit
787 1501 822 1541 ac
846 1483 986 1541 Bibracte
1016 1484 1058 1542 ire

176 1566 339 1624 contendit.
383 1565 430 1623 Ila
444 1582 492 1623 res
506 1583 559 1641 per
574 1564 721 1640 fugitivos
734 1563 820 1621 Lucii
835 1563 961 1633 AEmilii,
974 1564 1059 1622 decu·
1075 1565 1111 1622 15

175 1646 269 1703 rionis
283 1646 418 1722 equitum
435 1645 600 1715 Gallorum,
618 1645 758 1702 hostibus
773 1644 942 1701 nunciatur.
986 1644 1057 1702 Hel·

176 1726 260 1797 vetii,
274 1745 326 1784 sen
337 1727 418 1802 quod
429 1726 537 1784 timore
548 1726 723 1801 perterritos
736 1725 892 1782 Romanos
903 1725 1055 1783 discedere

175 1823 240 1864 ase
256 1807 473 1876 existimarent,
489 1824 525 1864 eo
546 1806 653 1880 magis,
670 1806 751 1880 quod
771 1804 876 1880 pridie,
900 1805 1057 1880 superiori-

174 1887 231 1944 bus
260 1886 333 1946 locis
362 1887 525 1961 occupatis
547 1886 687 1962 proelium
713 1903 773 1942 non
815 1885 1054 1958 commisissent;

173 1966 238 2024 sive
254 1985 298 2038 eo,
314 1968 394 2043 quod
409 1985 440 2024 re
460 1967 658 2034 frumentaria
677 1965 836 2022 intercludi
858 1981 947 2039 posse
969 1965 1056 2023 conti-
1071 1967 1108 2022 20

172 2047 297 2122 decent,
318 2053 503 2106 commutato
525 2046 650 2106 consilio
673 2052 763 2120 atque
779 2045 885 2103 itinere
900 2063 1054 2116 converso,

173 2134 295 2186 nostros
318 2147 336 2186 a
356 2128 523 2186 novissimo
552 2127 673 2202 agmine
697 2126 816 2201 insequi
844 2143 879 2182 ac
907 2125 1054 2184 lacessere

172 2214 333 2284 coeperunt.

214 2291 259 2346 24.
284 2289 452 2364 Postquam
473 2287 504 2345 id
531 2287 666 2344 animum
692 2286 831 2356 advertit,
856 2285 960 2360 copias
983 2303 1054 2342 suas

173 2368 279 2428 Oaesar
292 2369 324 2426 in
336 2369 510 2444 proximum
525 2368 630 2425 collem
647 2367 797 2436 subducit,
813 2365 1051 2442 equitatumque,
1069 2368 1105 2424 25

171 2449 225 2524 qui
247 2449 411 2507 sustineret
430 2448 563 2506 hostium
585 2448 742 2523 impetum,
758 2446 849 2504 misit.
893 2446 962 2520 Ipse
980 2447 1055 2504 inte-

171 2529 229 2586 rim
250 2529 282 2587 in
304 2530 377 2588 colle
402 2529 503 2586 medio
518 2528 665 2602 triplicem
690 2528 785 2585 aciem
805 2527 949 2584 instruxit
963 2527 1051 2601 legio·

164 2627 246 2682 ,num
257 2616 386 2686 quatuor
397 2615 627 2682 veteranarum
649 2608 702 2665 sed
715 2607 745 2664 in
760 2625 878 2665 summo
888 2609 963 2682 Jugo
976 2608 1053 2664 duas

170 2689 317 2765 legiones,
334 2709 411 2766 quas
433 2691 464 2747 in
481 2688 582 2748 Gallia
596 2689 733 2746 citeriore
748 2688 883 2763 proxime
905 2687 1053 2761 conscrip-

171 2775 264 2840 serat,
279 2775 310 2827 et
325 2771 427 2828 omnia
442 2769 554 2827 auxilia
568 2768 735 2839 collocavit,
752 2786 786 2826 ac
801 2773 899 2826 totum
920 2774 1053 2826 montem
1068 2770 1106 2825 30

171 2849 348 2908 hominibus
364 2850 545 2925 complevit,
567 2855 598 2906 et
618 2849 734 2906 interea
756 2849 889 2905 sarcinas
906 2848 938 2905 in
959 2866 1051 2905 unum

170 2930 272 2989 locum
293 2930 427 3001 conferri,
444 2937 556 2987 etcum
580 2929 618 2986 ab
641 2929 696 2996 his,
711 2928 808 3002 quiin
823 2929 974 3002 superiore
990 2929 1052 2986 acie

169 3011 379 3081 constiterant,
396 3010 505 3068 muniri
516 3010 617 3084 jussit.
663 3007 799 3066 Helvetii
824 3025 891 3065 cum
913 3009 1052 3065 omnibus

169 3091 238 3148 suis
252 3092 344 3148 carris
359 3091 455 3149 secuti
480 3090 698 3164 impedimenta
712 3089 743 3144 iu
758 3106 853 3144 unum
872 3089 969 3146 locum
986 3106 1053 3146 con·

169 3172 323 3230 tulerunt.
353 3172 412 3247 ipsi
449 3170 671 3229 confertissima
705 3169 777 3239 acie,
807 3169 916 3242 rejecto
949 3175 1053 3226 nostro
1068 3169 1104 3225 35

170 3252 318 3328 equitatu,
331 3251 483 3328 phalange
499 3252 588 3320 facta,
601 3250 656 3306 sub
666 3249 794 3324 primam
810 3254 945 3306 nostram
958 3249 1052 3305 aciem

169 3339 390 3391 successerunt.

212 3415 258 3472 25.
283 3411 393 3483 Caesar,
409 3412 540 3487 primum
562 3427 625 3480 sno,
643 3408 750 3466 deinde
773 3409 908 3464 omnium
929 3425 966 3464 ex
987 3424 1053 3464 oon·

168 3499 277 3568 spectu
299 3492 423 3550 remotis
445 3491 538 3567 cquis,
557 3498 590 3547 ut
615 3495 733 3564 aequato
753 3489 887 3544 omniurn
910 3486 1042 3561 periculo
