2548 3774
200 275 259 338 130
468 289 514 336 nn
539 288 660 336 nanno
687 289 863 337 daniaco,

247 399 439 498 interficiunt:
483 439 604 498 Funera
618 445 691 498 sunt
704 457 758 516 pro
773 441 857 498 cultu
872 439 1025 498 Gallorum
1048 458 1128 514 mag·

247 520 334 578 nifica
361 527 393 578 ct
420 525 619 595 sumptuosa3
651 520 819 596 omniaque,
842 538 908 596 qua
938 520 1020 577 vivis
1048 522 1127 579 cordi
1194 572 1197 576 ,

247 600 340 658 fuisse
370 600 562 670 arbitrantur,
590 601 621 658 in
649 601 752 675 ignem
781 600 921 670 inferunt,
947 600 1040 657 etiam
1069 601 1128 657 ani·

247 681 356 738 malie:
389 698 424 737 ae
449 680 540 754 paulo
565 697 656 757 snpra
679 680 756 738 hano
784 680 962 737 memoriam
991 681 1071 736 servi
1098 687 1128 738 et

214 761 382 829 bellantes,
397 777 474 835 quos
496 760 534 817 ab
557 760 594 817 iis
615 761 742 818 dilectos
763 778 830 817 esse
852 759 1020 830 constabat,
1035 760 1129 834 justis

246 839 401 897 funeribus
415 840 560 897 conlectis
576 857 637 896 nna
652 842 871 898 cremabantur.

287 923 332 978 20.
357 921 431 993 Quae
447 919 588 977 civitates
604 921 792 978 commodius
808 938 894 977 suam
911 919 1129 994 rempublicam

247 999 458 1057 administrare
473 999 694 1071 existimantur,
711 1000 825 1058 habeut
839 1000 958 1074 legibus
976 1005 1127 1071 sanctum,

247 1079 365 1155 siquis
390 1080 462 1155 quid
485 1080 522 1137 dc
549 1081 705 1155 republica
729 1099 747 1138 a
771 1080 906 1137 finitimis
932 1097 1050 1138 rumore
1075 1085 1129 1137 ant

197 1159 232 1217 10
247 1159 328 1217 fania
350 1160 506 1234 acceperit,
530 1160 577 1216 nti
606 1161 643 1218 ad
669 1161 884 1235 magistratum
904 1160 1029 1228 deferat,
1052 1177 1128 1216 neve

247 1257 315 1296 cnm
343 1257 403 1315 quo
432 1240 492 1297 alio
520 1240 737 1298 communicet:
774 1240 855 1315 quod
882 1257 962 1315 saepe
991 1239 1128 1296 homines

219 1385 225 1396 Ι
246 1320 424 1376 temerarios
446 1325 536 1394 atque
551 1319 709 1395 imperitos
730 1320 817 1377 falsis
839 1319 1008 1376 rumoribus
1023 1319 1129 1376 terreri

246 1405 278 1457 et
293 1399 331 1456 ad
345 1398 463 1456 facinus
478 1399 591 1474 impelli
613 1400 695 1457 etde
717 1399 843 1457 summis
857 1400 947 1457 rebus
968 1398 1127 1456 consilium

247 1496 353 1553 capere
375 1479 530 1553 cognitum
554 1486 628 1537 est..
653 1479 857 1554 Magistratus
882 1497 947 1554 quae
969 1479 1035 1536 visa
1057 1484 1130 1536 aunt

196 1567 230 1626 15
246 1559 416 1633 occultaut3
437 1576 560 1634 quaeque
582 1577 648 1616 csso
663 1578 701 1616 cx
719 1577 776 1616 usu
792 1559 1014 1634 judicaverunt,
1029 1559 1130 1616 multi·

247 1639 345 1696 tudini
366 1639 507 1713 produnt.
551 1639 597 1696 Ile
621 1657 651 1696 re
672 1640 793 1716 publica
813 1639 873 1696 nisi
894 1657 947 1714 per
968 1638 1130 1696 concilium

246 1717 330 1794 loqui
346 1736 405 1775 nou
421 1717 602 1776 conceditur.

287 1801 332 1855 21.
356 1797 500 1856 Germani
522 1798 651 1854 multum
674 1798 712 1856 ab
734 1797 790 1856 hac
812 1797 1029 1856 consuetudine
1047 1797 1130 1855 diffe-

246 1884 334 1935 runt:
356 1895 427 1934 uam
449 1896 544 1953 neque
560 1878 680 1934 druides
702 1877 822 1950 habent,
838 1879 891 1953 qui
911 1879 1001 1935 rebus
1016 1878 1131 1935 divinis

194 1965 232 2022 ⁸20
247 1957 379 2032 praesint,
395 1975 492 2032 neque
508 1957 662 2015 sacrificiis
677 1959 808 2015 student.
852 1957 985 2015 Deomm
1001 1975 1128 2015 numero

246 2054 298 2094 eos
324 2037 405 2094 solos
428 2037 551 2107 ducunt,
567 2055 643 2112 quos
666 2043 793 2095 cernunt
816 2043 848 2094 et
872 2039 1000 2112 quornm
1025 2043 1131 2113 aperte

248 2117 354 2191 opibus
374 2119 530 2192 juvantur,
556 2117 658 2175 Solem
683 2123 714 2174 et
735 2117 909 2174 Vulcanum
934 2124 966 2174 et
990 2117 1130 2175 Lunam:

246 2196 378 2272 reliquos
402 2215 438 2252 ne
461 2197 542 2253 fama
557 2197 677 2272 quidem
701 2203 887 2271 aeceperunt.
930 2197 1006 2254 Vita
1030 2197 1131 2254 omnis

247 2276 278 2333 iu
292 2276 505 2334 venationibus
527 2283 616 2351 atque
632 2277 664 2332 in
679 2277 790 2334 studiis
804 2277 847 2334 rei
862 2276 1002 2334 militaris
1017 2277 1131 2334 consis-

195 2361 232 2418 25
247 2357 302 2413 tit:
335 2356 373 2413 ab
398 2356 536 2430 parvulis
560 2355 656 2412 labori
682 2374 716 2413 ac
742 2357 860 2413 duritiae
884 2357 1015 2414 student.
1069 2356 1130 2429 Qui

247 2435 417 2493 diutissime
437 2435 609 2510 impuberes
624 2442 862 2509 permanserunt,
874 2437 1034 2494 maximam
1050 2437 1130 2494 inter

248 2531 319 2572 suos
335 2516 434 2573 ierunt
449 2516 588 2574 laudern:
612 2515 667 2572 hoc
683 2516 723 2572 ali
739 2523 896 2584 staturam,
913 2516 954 2572 ali
969 2517 1049 2574 vires
1065 2533 1130 2572 ner-

248 2613 361 2670 vosque
383 2595 550 2652 confirmari
570 2601 687 2671 putant.
731 2595 818 2653 Intra
839 2613 949 2652 annum
966 2613 1036 2652 voro
1053 2595 1130 2652 vice·

248 2675 359 2732 simum
388 2675 516 2732 foemiua
543 2675 682 2732 notitiam
712 2675 855 2732 habuisse
884 2675 915 2731 in
944 2675 1129 2750 turpissimis

196 2759 232 2815 80
249 2754 362 2812 habent
376 2754 482 2812 rebus:
505 2756 589 2829 eujus
603 2756 645 2812 rei
662 2755 745 2812 nulla
759 2763 806 2812 est
821 2754 990 2824 occultatio,
1002 2755 1083 2829 quod
1096 2759 1130 2811 et

248 2835 415 2910 promiscue
435 2834 466 2890 in
488 2833 662 2890 fluminibus
676 2835 861 2910 perluuntur,
877 2840 908 2891 et
928 2833 1057 2909 pellibus
1075 2839 1129 2901 aul.

248 2914 352 2988 parvis
373 2913 540 2970 rhenonum
562 2914 739 2989 tegimentis
767 2919 902 2984 utuntur,
925 2931 1039 2988 magna
1067 2930 1129 2980 cor·

248 2993 332 3070 poris
352 3000 437 3068 parte
459 2993 548 3051 nuda.

290 3076 336 3130 22.
361 3072 564 3146 Agriculturae
581 3089 639 3128 non
655 3073 797 3146 student3
819 3073 970 3146 majorque
984 3088 1056 3147 pars
1069 3071 1129 3128 vic·

198 3155 234 3211 35
249 3156 299 3208 tus
322 3169 425 3208 corum
449 3151 479 3208 in
505 3151 591 3219 lacte,
616 3169 713 3222 casae,
737 3168 826 3210 earne
850 3151 1005 3208 consistit:
1031 3167 1128 3226 neque

140 3299 147 3308 Ι
249 3231 407 3304 quisquam
429 3230 495 3303 agri
515 3231 639 3286 modum
661 3237 775 3288 certum
798 3237 852 3287 aut
867 3230 940 3288 fines
955 3230 1048 3288 habet
1061 3248 1128 3305 pro·

249 3307 348 3381 pries3
370 3308 422 3364 sed
442 3309 639 3382 magistratus
655 3328 689 3367 ac
703 3311 855 3384 principes
870 3311 901 3366 in
916 3327 1012 3367 annos
1028 3310 1129 3384 singu-

249 3385 296 3442 los
320 3387 461 3460 gentibus
486 3386 775 3463 cognationibusque
801 3389 967 3460 hominum,
991 3389 1043 3464 qui
1069 3406 1129 3446 una

250 3464 393 3536 coierunt,
410 3471 556 3540 quantum
578 3473 609 3524 ct
630 3485 689 3542 quo
704 3467 770 3544 loco
786 3469 884 3526 visum
899 3474 947 3527 est
963 3469 1030 3544 agrl
1047 3468 1129 3527 attri-

1267 3541 1269 3642 l

1264 3717 1269 3771 l
