2524 3776
155 285 198 351 44
427 302 473 349 on
499 301 620 350 annno
646 301 823 350 caturco.

207 453 317 524 edituo,
327 458 446 511 tantum
457 453 603 511 adversus
612 452 644 511 in
653 452 847 512 latitudinem
856 449 988 529 patebat,
1000 471 1086 529 quan

208 537 274 590 tum
288 532 346 591 loci
369 533 450 591 acies
469 533 617 591 instructa
638 551 782 609 occupare
803 537 925 609 poterat
949 538 1039 609 atque
1053 551 1089 594 ex

209 617 336 688 utraque
357 620 442 689 parte
463 614 568 671 lateris
589 613 722 687 dejectus
743 613 884 684 habebat,
905 631 938 671 et
961 613 1089 672 frontem

208 690 315 750 leuiter
336 692 498 769 fastigatus
529 693 675 769 paulatim
701 693 739 750 ad
761 693 918 769 planitiem
947 693 1090 767 redibat),
1184 739 1187 744 -

175 771 247 828 dab
274 778 402 848 utroque
430 773 522 831 latere
543 775 608 848 ejus
636 773 722 831 collis
749 779 955 831 transversam
977 774 1089 832 fossam

208 850 335 910 obduxit
355 853 473 911 circiter
492 871 638 929 passuum
668 853 978 928 quadringentorum
999 859 1031 910 et
1051 853 1090 912 ad

208 936 358 989 extremas
376 933 475 990 fossas
490 933 615 991 castella
638 933 797 991 constituit
821 933 921 1008 ibique
939 938 1090 991 tormenta

208 1011 376 1082 collocavit,
392 1030 438 1084 ne,
455 1030 522 1070 curn
545 1013 640 1071 aciem
662 1013 864 1082 instruxisset,
880 1012 993 1082 hostes,
1009 1013 1090 1088 quod

208 1095 329 1148 tantum
342 1093 536 1150 multitudine
551 1097 699 1168 poterant,
712 1092 750 1150 ab
761 1092 907 1150 lateribus
918 1099 1091 1168 pugnantes

157 1170 193 1228 ltl
210 1187 283 1228 suos
303 1173 519 1230 circumvenire
541 1179 673 1249 possent.
718 1172 786 1229 Hoc
809 1172 897 1246 facto,
913 1173 1032 1230 duabus
1052 1173 1091 1230 le·

209 1250 359 1324 gionibus,
375 1269 451 1327 quas
472 1252 606 1328 proxime
627 1252 854 1327 conscripserat,
869 1251 900 1308 in
922 1252 1029 1310 castris
1048 1270 1091 1311 re·

211 1329 301 1402 lictis,
317 1336 359 1402 ut,
376 1332 401 1388 si
422 1350 482 1407 qua
503 1350 580 1408 opus
600 1338 690 1400 esset,
708 1332 843 1390 subsidio
864 1332 934 1390 duci
955 1338 1089 1407 possent,

207 1410 338 1485 reliquas
354 1429 407 1468 sex
429 1412 564 1486 legiones
584 1430 637 1487 pro
661 1412 768 1470 castris
788 1412 819 1469 in
841 1412 905 1469 acie
920 1413 1088 1470 constituit.

209 1489 325 1548 Hostes
340 1491 413 1549 item
428 1509 500 1549 suas
515 1492 620 1568 copias
634 1509 672 1549 ex
691 1491 800 1550 castris
821 1491 947 1550 eductas
961 1492 1091 1549 instmx·

157 1569 192 1627 15
208 1575 302 1628 erant.

250 1653 275 1708 9.
300 1650 392 1707 Palus
416 1657 482 1708 erat
504 1669 566 1708 non
587 1669 702 1726 magna
730 1651 808 1708 inter
836 1656 973 1708 nostrum
996 1656 1089 1726 etque

209 1727 342 1786 bostium
357 1731 531 1789 exercitum.
576 1731 664 1788 Hauc
679 1729 705 1788 si
720 1730 814 1788 nostri
829 1731 1003 1801 transirent,
1020 1729 1089 1787 hos·

208 1813 255 1866 tes
266 1810 503 1886 exspectabant3
516 1811 613 1867 nostri
635 1815 745 1880 autern,
768 1811 795 1868 si
817 1810 938 1869 abillis
967 1811 1089 1868 initium

208 1889 383 1946 transeundi
399 1889 490 1961 lieret,
502 1895 537 1948 ut
550 1889 715 1965 impeditos
731 1890 977 1965 aggrederentur,
988 1891 1089 1965 parati

154 1969 192 2026 20
207 1968 238 2024 in
260 1969 353 2026 annis
372 1975 467 2026 erant.
511 1970 635 2027 Interim
652 1970 758 2045 proelio
772 1971 904 2045 equestri
919 1971 998 2028 inter
1012 1971 1089 2028 duas

207 2047 287 2106 acies
302 2050 548 2108 contendebatur.
585 2049 647 2106 Ubi
663 2050 761 2107 neutri
776 2051 953 2108 transeundi
967 2051 1088 2108 initium

208 2128 330 2199 faciunt,
354 2131 529 2187 secundiore
551 2130 687 2204 equitum
709 2130 815 2204 proelio
843 2131 965 2201 nostris,
983 2130 1088 2189 Caesar

206 2225 278 2266 suos
293 2207 324 2264 in
339 2215 440 2266 castra
460 2209 588 2266 reduxit.
633 2209 749 2267 Hostes
767 2210 906 2285 protinus
921 2228 958 2268 ex
971 2227 1007 2267 eo
1022 2211 1088 2268 loco

206 2288 245 2345 ad
272 2287 383 2345 flumen
406 2289 549 2348 Axonam
574 2289 804 2357 contenderunt,
823 2290 902 2364 quod
928 2307 995 2347 esse
1017 2296 1088 2364 post

153 2369 190 2425 25
206 2373 311 2424 nostra
325 2375 426 2425 castra
441 2369 682 2426 demonstratum
697 2375 753 2427 est.
783 2369 832 2427 Ibi
848 2370 936 2427 vadis
958 2369 1087 2443 repertis

204 2453 323 2523 partem
345 2465 468 2505 suarum
490 2449 643 2524 copiarum
665 2450 861 2507 transducere
882 2450 983 2507 conati
1005 2455 1085 2520 sunt,

205 2545 241 2584 eo
264 2527 398 2598 consilio,
422 2534 465 2598 nt,
491 2529 517 2586 si
538 2535 672 2604 possent,
698 2529 866 2600 castellum,
889 2530 937 2587 cui
959 2535 1087 2605 praerat

207 2607 339 2680 Quintus
361 2607 498 2667 Titurius
519 2609 648 2684 legatus,
670 2615 888 2685 expugnarent,
903 2615 1086 2685 pontemque

206 2687 477 2762 interscinderent;
499 2689 525 2746 si
546 2689 647 2746 minus
667 2690 848 2765 potuissent,
864 2706 954 2764 agros
977 2689 1087 2746 Remo-

152 2769 190 2826 30
204 2784 270 2824 rum
291 2767 516 2843 popularentur,
532 2769 584 2844 qui
599 2787 712 2844 magno
728 2770 815 2827 nobis
835 2770 903 2827 usui
919 2769 956 2826 ad
972 2769 1085 2826 bellum

204 2847 369 2922 gerendum
384 2854 479 2917 erant,
495 2856 726 2924 commeatuque
742 2855 862 2907 nostros
881 2848 1084 2925 prohiberent.

246 2930 290 2986 10.
315 2927 418 2986 Caesar
438 2929 547 2986 certior
560 2929 658 2986 factus
673 2931 712 2986 ab
728 2929 855 3000 Tituri0,
872 2946 991 2986 omnem
1006 2928 1086 3004 equi·

203 3012 302 3064 tatum
319 3013 350 3065 et
371 3008 449 3065 levis
465 3015 624 3066 armaturae
641 3009 798 3074 Numidas.
811 3009 978 3067 funditores
993 3009 1087 3082 sagit·

203 3087 357 3162 tariosque
376 3094 499 3164 pontem
514 3089 683 3147 transducit
703 3096 793 3165 atque
806 3090 843 3146 ad
856 3106 908 3146 eos
920 3089 1082 3149 contendit.

152 3167 189 3225 35
205 3166 327 3224 Acriter
349 3167 437 3225 ineo
460 3169 525 3226 loco
539 3176 709 3244 pugnatum
725 3177 780 3228 est.
824 3168 939 3226 Hostes
961 3168 1086 3242 impodi-

204 3251 253 3303 tos
287 3247 384 3305 nostri
415 3248 447 3305 in
478 3247 600 3307 flumine
633 3250 773 3324 aggressi
807 3266 952 3323 magnum
981 3265 1085 3304 eorum

204 3343 362 3384 nnmerum
384 3328 564 3386 occiderunt.
608 3330 667 3386 Per
687 3346 790 3386 corum
809 3346 933 3404 corpora
953 3327 1084 3403 reliquos

204 3405 405 3464 audacissime
427 3409 555 3466 transire
570 3414 716 3467 conantes
740 3409 934 3466 multitudine
955 3406 1084 3465 telorum

203 3484 396 3560 repulerunt3
418 3487 541 3564 primos,
567 3488 619 3564 qui
647 3488 839 3558 transierant,
865 3487 1005 3563 equitatu
1032 3486 1086 3544 eir·
