2548 3774
531 334 644 384 111111
669 333 821 383 snxrus.
1083 319 1145 383 12³

211 481 388 558 quindecim,
401 481 513 540 auxilia
528 483 745 543 Germanorum
759 491 933 561 exspectare
945 483 1091 543 constitu·

210 569 271 620 unt.
320 563 475 620 Labienus
502 563 635 620 hostium
659 566 780 638 cognito
805 565 930 622 consilio
955 581 1088 640 sperans,

209 643 381 710 temeritate
393 661 497 700 eorum
509 644 572 700 fore
588 645 720 718 aliquam
732 644 893 702 dimicandi
905 644 1089 716 facultatem,

208 723 347 796 praesidio
376 724 507 798 quinque
533 724 701 781 cohortium
727 724 951 800 impedimentis
974 724 1087 794 relicto,

208 820 277 859 cum
293 803 402 877 viginti
418 804 549 879 quinque
561 803 736 861 cohortibus
757 822 929 880 magnoque
950 804 1088 879 equitatu
1122 803 1141 862 5

208 889 313 940 contra
329 883 446 940 hostem
465 884 662 959 proficiscitur
686 890 718 941 et
733 884 816 941 mille
831 901 977 958 passuum
1000 884 1090 942 inter·

208 963 302 1020 misso
322 964 420 1038 spatio
444 969 543 1021 castra
566 964 740 1022 communit.
784 965 860 1022 Erat
882 964 961 1022 inter
982 963 1089 1021 Labie·
1167 969 1169 974 '

208 1059 280 1100 num
304 1049 393 1118 atque
416 1043 534 1101 hostem
549 1044 659 1101 difficili
679 1044 809 1101 transitu
824 1043 934 1102 llumen
957 1043 1088 1120 ripisque

206 1125 383 1197 praeruptis:
407 1123 463 1181 hoc
478 1142 572 1198 neque
594 1123 657 1199 ipse
679 1124 805 1181 transire
821 1123 952 1182 habebat
973 1124 1003 1180 in
1026 1124 1089 1182 ani·

206 1220 255 1259 mo
270 1221 365 1278 neque
382 1202 485 1260 hostes
499 1204 681 1262 transituros
701 1204 903 1262 existimabat.
947 1203 1088 1278 Augeha·
1103 1203 1140 1260 111

206 1287 255 1338 tur
270 1283 450 1340 auxiliorum
465 1285 597 1358 quotidie
614 1301 691 1358 spes.
736 1283 886 1359 Loquitur
906 1284 937 1341 in
959 1284 1086 1341 consilio

203 1362 316 1436 palam,
339 1364 481 1437 quoniam
504 1364 646 1422 Germani
668 1365 909 1438 appropinquare
937 1364 1085 1434 dieantur,

205 1459 271 1498 sese
293 1460 365 1500 suas
387 1444 594 1518 exercitusque
609 1445 745 1500 fortunas
766 1444 797 1500 in
818 1444 943 1501 dubium
963 1461 1023 1500 non
1038 1444 1087 1500 de·

205 1528 383 1580 vocaturum
409 1529 439 1579 et
460 1530 581 1598 postero
596 1524 643 1580 die
660 1525 757 1598 prima
779 1523 844 1580 lnce
867 1529 967 1581 111111
987 1530 1085 1580 motu·

204 1619 279 1659 rum.
324 1602 470 1671 Celeriter
495 1603 558 1660 haec
584 1604 622 1660 ad
650 1603 754 1660 hostes
779 1604 961 1672 deferuntur,
985 1608 1020 1660 nt
1047 1601 1137 1660 11115

204 1699 316 1756 magno
338 1682 494 1741 Gallorum
516 1683 651 1757 equitum
673 1701 797 1741 numero
812 1682 976 1740 nonnullos
993 1681 1085 1740 Galli·

205 1762 248 1818 cis
273 1762 363 1819 rebus
379 1762 478 1820 lavere
502 1769 613 1819 natura
635 1763 770 1837 cogebat.
814 1763 968 1820 Labienus
992 1768 1083 1819 noctu

204 1842 335 1898 tribunis
362 1843 492 1900 militum
521 1843 685 1916 primisque
716 1842 871 1899 ordinibus
899 1842 1082 1912 convocatis,

205 1922 276 1996 quid
298 1921 344 1978 sui
366 1923 407 1979 sit
428 1922 553 1992 consilii,
569 1923 718 1997 proponit,
734 1929 765 1979 et
786 1940 845 1996 quo
860 1921 977 1979 facilius
993 1922 1084 1979 hosti-

204 2001 262 2058 bus
289 2002 407 2058 timoris
435 2002 487 2059 det
515 2003 726 2076 suspicionem.
756 2003 866 2076 majore
895 2002 1023 2076 strepitu
1052 1999 1135 2059 1110

205 2081 346 2150 tumultu,
363 2099 453 2157 quam
468 2081 570 2157 populi
587 2081 719 2139 Romani
734 2081 792 2138 fert
807 2082 1003 2150 consuetudo,
1020 2100 1083 2139 cas·

204 2165 252 2217 tra
266 2163 378 2218 moveri
391 2162 486 2235 jubet.
529 2161 589 2220 His
603 2161 694 2218 rebus
708 2161 787 2235 fugae
803 2161 930 2218 similem
947 2162 1083 2235 profecti-

204 2257 293 2297 onem
316 2242 411 2299 efficit.
465 2241 540 2298 Haee
564 2259 682 2316 quoque
707 2258 760 2316 per
781 2242 986 2317 exploratores
1011 2248 1081 2298 ante

203 2320 300 2377 lucem
322 2321 352 2377 in
374 2327 460 2378 tanta
482 2321 707 2396 propinquitate
730 2327 895 2378 castrorum
913 2320 952 2378 ad
977 2320 1081 2378 hostes

204 2400 385 2458 deferuntur.
1097 2400 1133 2456 25

244 2483 269 2536 8.
292 2480 356 2536 Vix
377 2498 487 2555 agmen
504 2480 703 2537 novissimum
718 2485 804 2536 extra
819 2479 1002 2538 munitiones
1017 2498 1083 2555 pro·

204 2567 343 2630 cesserat,
360 2579 426 2618 curn
444 2559 523 2619 Galli
545 2559 693 2616 cohortati
715 2560 793 2616 inter
814 2577 854 2629 se,
870 2577 907 2616 ne
929 2566 1080 2636 speratam

205 2641 336 2714 praedam
352 2658 389 2697 ex
403 2641 542 2697 manibus
558 2640 761 2712 dimitterent;
782 2639 906 2714 longum
928 2657 994 2697 esse
1018 2658 1082 2716 per·

206 2720 317 2777 territis
332 2720 482 2777 Ronranis
504 2719 721 2778 Germanorum
737 2719 883 2776 auxilium
898 2726 1079 2795 exspectare,

205 2815 299 2874 neque
323 2817 409 2856 suam
432 2800 495 2875 pati
519 2799 710 2874 dignitatem,
731 2805 764 2855 ut
784 2799 881 2856 tantis
902 2799 998 2873 copiis
1016 2807 1077 2857 tarn
1095 2799 1132 2855 30

204 2879 343 2953 exiguam
360 2897 490 2950 manum,
506 2880 672 2953 praesertim
688 2879 854 2952 lugientem
878 2885 968 2953 atque
988 2879 1080 2954 irnpe-

204 2959 309 3029 ditam,
325 2959 433 3015 adoriri
450 2977 509 3016 non
525 2960 673 3030 audeant3
696 2958 805 3014 11111111
827 2959 955 3015 transire
977 2967 1007 3016 et
1029 2959 1081 3015 111-

204 3056 262 3112 quo
283 3039 348 3096 loco
371 3039 507 3112 proelium
529 3039 717 3096 committere
739 3056 798 3094 non
813 3038 961 3096 dubitant.
1005 3041 1079 3112 Quae

204 3118 264 3176 fore
279 3118 451 3192 suspicatus
467 3119 629 3189 Labienus,
647 3125 681 3174 ut
697 3135 800 3174 omncs
816 3118 891 3174 eitra
906 3117 1015 3175 ilumcn
1031 3119 1081 3175 eli-

204 3204 290 3267 ceret,
303 3198 407 3254 eadem
430 3217 503 3256 usus
521 3198 713 3256 simulatione
735 3197 860 3266 itineris,
876 3197 993 3271 placide
1014 3216 1080 3272 pro-
1095 3195 1131 3251 35

204 3278 402 3352 grediebatur.
448 3278 524 3335 Tum
551 3277 714 3354 praemissis
736 3276 860 3352 paulum
888 3276 1080 3350 impedimen-

204 3358 242 3414 tis
264 3363 354 3432 atque
375 3358 406 3413 in
427 3359 544 3416 tumulo
566 3358 696 3432 quodam
712 3357 874 3422 collocatis
892 3355 1079 3420 “Habetis'’

205 3437 309 3512 inquit,
326 3437 471 3505 “milites
489 3455 579 3512 quam
601 3435 730 3510 petistis
747 3433 938 3490 facultatem:
961 3432 1077 3487 hostem
1149 3481 1152 3485 Α
1209 3471 1215 3482 .

204 3515 348 3592 impedito
364 3522 453 3590 atque
464 3517 568 3591 iniquo
579 3515 644 3571 loeo
656 3511 783 3570 tenetis:
798 3514 939 3585 praestate
953 3507 1078 3564 eandem
