2524 3776
172 282 215 346 24
443 299 490 345 nu
516 299 636 346 nunno
662 299 837 348 estmoe.

224 448 366 521 locarent,
377 450 541 508 concessit:
564 450 673 525 quibus
688 450 731 507 illi
746 468 836 526 agros
852 449 1009 518 dederunt,
1020 467 1106 526 quoa

223 547 282 606 que
296 536 404 606 postea
416 529 448 586 in
462 548 565 606 parem
575 531 653 605 juris
667 529 877 606 libertatisque
892 530 1105 602 conditionem,

225 616 316 685 atque
339 609 398 686 ipsi
419 617 515 679 erant,
531 617 716 686 receperunt.

266 693 312 750 29.
335 691 373 748 In
388 691 495 748 castris
512 691 724 749 Helvetiorum
746 691 856 749 tabulae
877 695 1003 767 repertae
1034 699 1107 749 sunt

173 769 190 827 b
224 769 330 828 litteris
341 771 446 828 (limeis
457 770 599 828 conlectae
611 776 642 828 et
657 772 695 829 ad
708 771 859 830 (laesarem
874 772 985 840 relatae,
996 771 1107 846 quibus

224 850 256 907 in
278 849 391 908 tabulis
408 851 587 908 nominatim
602 851 682 909 ratio
696 852 833 909 confecta
847 857 922 921 erat,
938 851 989 927 qui
1006 869 1103 909 numa

226 947 277 987 rus
293 930 383 987 domo
397 930 511 988 exisset
524 948 637 1001 eorum,
653 931 705 1006 qui
723 949 807 989 arma
821 933 897 990 ferre
911 938 1054 1008 possent:
1076 936 1107 990 et

225 1010 298 1068 item
313 1011 478 1085 seperatim
492 1011 586 1085 pueri,
602 1028 701 1088 senes,
715 1013 925 1087 mulieresque.
969 1013 1106 1084 Quarum

225 1090 360 1148 omnium
381 1107 481 1147 rerum
503 1108 622 1148 summa
642 1097 710 1149 erat
740 1092 874 1167 capitum
896 1090 1107 1150 Helvetiorum

173 1169 210 1226 10
225 1171 310 1228 milia
336 1171 466 1228 ducenta
487 1176 518 1228 et
539 1171 700 1246 sexaginta
714 1172 780 1242 tria,
797 1172 997 1248 Tulingorum
1024 1171 1108 1228 milia

225 1251 353 1324 triginta
373 1267 434 1320 sex,
452 1250 688 1326 Latobrigorum
703 1252 939 1327 quatuordecim,
957 1251 1108 1308 Raursco

224 1347 290 1387 rum
308 1330 417 1405 viginti
439 1331 507 1400 tria,
524 1330 668 1389 Boiorum
689 1332 817 1407 triginta
832 1332 910 1389 duo:
931 1349 969 1388 ex
984 1330 1040 1400 his,
1055 1331 1108 1407 qui

225 1410 394 1467 armaferre
404 1416 538 1486 possent,
551 1411 590 1468 ad
602 1411 685 1468 milia
706 1411 873 1486 nonaginta
884 1412 952 1468 duo.
983 1411 1108 1468 Summa

225 1491 360 1547 omnium
388 1490 509 1548 fuerunt
537 1492 574 1549 od
604 1491 690 1548 milia
728 1497 864 1550 trecento
893 1496 924 1548 et
949 1491 1108 1565 sexaginta

174 1569 209 1625 15
225 1576 300 1628 octo.
344 1569 468 1640 Eorum,
485 1571 536 1646 qui
558 1571 681 1629 domum
703 1572 865 1641 redierunt,
882 1587 973 1629 censu
995 1570 1107 1642 habito,

225 1656 259 1707 ut
275 1651 378 1709 Caesar
392 1650 603 1725 imperaverat,
614 1659 750 1726 repertus
761 1657 809 1710 est
822 1668 965 1709 numerus
990 1651 1106 1709 milium

225 1736 345 1788 eentum
366 1735 397 1788 et
418 1731 530 1789 decem.
958 1743 962 1751 ’

267 1813 312 1868 30.
336 1810 422 1868 Bello
435 1810 648 1868 Helvetiorum
660 1812 804 1882 coniecto
816 1812 912 1870 totius
926 1811 986 1869 fere
1002 1810 1108 1870 (lalliae

225 1889 328 1964 legati,
340 1890 492 1965 principes
507 1891 675 1961 civitatum,
689 1893 725 1950 ad
744 1893 896 1951 Caesarem
918 1891 1107 1966 gratulatum

172 1967 209 2024 20
225 1976 445 2028 convenerunt:
462 1977 478 2000 “
488 1970 657 2046 intelligere
668 1972 942 2046 sese,tametsi,pr0
954 1971 1108 2028 veteribus

226 2049 439 2107 Helvetiorum
457 2051 575 2126 injuriis
597 2050 700 2125 populi
723 2051 920 2120 nomentan
941 2051 980 2108 iis
1001 2068 1107 2126 pronus

225 2129 304 2186 bello
319 2129 484 2204 repetisset,
501 2138 604 2188 tamen
619 2149 686 2187 eam
701 2149 763 2188 rem
786 2150 847 2189 non
870 2132 970 2188 minus
991 2149 1030 2189 ex
1052 2148 1107 2188 usu

224 2215 310 2266 terrae
327 2209 435 2269 Galliae
459 2228 550 2286 quam
573 2211 676 2286 populi
692 2212 824 2269 Romani
841 2211 1000 2269 accidisse:
1022 2228 1107 2286 prop·

224 2295 308 2347 terea
327 2290 408 2364 quod
431 2307 466 2348 eo
488 2291 623 2360 consilio,
640 2290 862 2350 florentissimis
884 2292 983 2360 rebus,
999 2289 1107 2348 domos

172 2368 208 2424 25
225 2387 298 2428 suas
313 2369 451 2428 Helvetii
466 2370 667 2447 reliquissent,
684 2372 729 2428 uti
744 2373 800 2429 toti
817 2372 924 2431 Galliae
939 2371 1050 2429 bellum
1065 2370 1107 2428 in·

225 2449 338 2507 ferrent
361 2450 548 2526 imperioque
569 2452 742 2525 potirentur
772 2452 931 2527 locumque
953 2450 1106 2509 domicilio

224 2547 262 2588 ex
290 2547 403 2605 magna
430 2532 518 2604 copia
538 2530 715 2605 deligerent,
737 2550 826 2606 quem
848 2531 983 2589 exomni
1006 2531 1107 2590 Gallia

224 2611 515 2685 opportunissimum
545 2629 578 2668 ac
607 2611 883 2669 fructuosissimum
906 2612 1105 2686 judicassent,

223 2690 412 2767 reliquasque
434 2691 575 2748 civitates
597 2692 811 2767 stipendiarias
836 2692 1010 2749 haber·ent.’'
1053 2693 1106 2748 Pe-

171 2769 344 2842 nolierunt,
393 2771 438 2828 uti
460 2771 516 2828 sibi
539 2772 698 2828 concilium
720 2773 814 2830 totius
838 2772 944 2831 Galliae
973 2771 1105 2828 indiam

224 2857 337 2908 certam
365 2850 505 2920 indicere,
535 2851 624 2926 idque
655 2852 785 2910 Oaesaris
814 2853 970 2910 voluntate
999 2851 1104 2921 facere,

223 2929 343 2988 liceret:
366 2948 433 2989 sese
449 2931 559 2988 habere
574 2933 721 3007 quasdam
737 2949 794 3003 ree,
810 2950 887 3007 quas
902 2951 940 2989 ex
954 2932 1106 2989 communi

222 3027 372 3068 consensu
393 3012 431 3068 ab
453 3029 488 3068 eo
509 3017 611 3087 petere
633 3012 753 3069 vellent.
817 3012 865 3069 Ea
889 3029 920 3069 re
946 3012 1103 3087 permissa,

223 3090 304 3147 diem
324 3090 449 3148 concilio
471 3092 694 3149 constituerunt
718 3099 749 3150 et
766 3093 969 3166 jurejurando,
986 3091 1104 3167 nequis

172 3168 207 3226 lb
222 3169 405 3239 enunciaret,
418 3171 474 3227 nisi
490 3172 601 3246 quibus
616 3173 768 3230 communi
784 3172 912 3230 consilio
929 3172 1102 3230 mandatum

221 3254 311 3321 esset,
327 3249 405 3307 inter
426 3268 458 3308 se
480 3258 653 3310 sanxerunt.

261 3331 308 3389 31.
330 3328 378 3388 Eo
386 3330 511 3389 concilio
523 3331 756 3402 dimisso,iidem
768 3331 921 3406 principes
935 3330 1102 3400 civitatum,

227 3405 279 3481 qui
294 3411 365 3463 anto
379 3404 500 3463 fuerant
514 3407 551 3463 ad
568 3406 726 3474 Gaesarem,
739 3415 928 3464 reverterunt
939 3407 1102 3483 petierunt

228 3504 293 3561 que,
311 3485 353 3544 uti
377 3485 435 3544 sibi
458 3493 572 3543 secroto
594 3486 762 3550 inocculto
779 3486 888 3544 desua
909 3488 1103 3563 omniumque
