2548 3774
172 283 234 347 136
440 297 488 345 nr
512 296 634 345 annuo
661 296 837 346 olomeo.

222 447 315 523 gioui,
339 466 406 525 quae
432 449 465 506 in
492 447 632 526 prasidio
660 447 895 524 relinquebatur,
920 448 1103 507 frumentum

221 528 325 586 deberi
340 528 465 587 sciebat.
508 528 682 586 Labienum
697 528 941 604 Treboniumque
957 529 1104 600 hortatur,

222 609 249 666 si
270 608 439 684 reipublicae
460 608 618 667 commodo
633 608 730 666 faeere
744 609 871 684 possint,
888 610 927 666 ad
943 627 1011 666 eam
1025 609 1102 668 diem

221 694 430 762 revertantur;
450 694 486 746 nt
505 704 610 745 rursus
631 687 851 746 communicato
867 688 992 746 consilio
1008 687 1105 764 exple

181 769 206 826 '5
223 769 358 844 ratisque
381 767 516 826 hostium
530 766 708 839 rationibus,
724 768 806 826 aliud
827 768 898 826 belli
918 769 1039 826 initium
1060 786 1105 826 ca·

220 866 290 925 pere
305 854 438 924 possent.

261 931 307 986 34.
332 928 416 999 Erat,
432 933 573 1004 utsupra
593 927 876 997 demonstravimus,
892 944 1001 985 mouns
1022 932 1105 985 certo

222 1008 313 1079 nulla,
329 1026 390 1065 nou
410 1008 564 1083 oppidum,
581 1024 640 1063 non
662 1007 845 1082 praesidinm,
861 1009 942 1082 quod
957 1026 989 1065 se
1011 1008 1104 1065 armis

221 1088 413 1161 defenderet3
436 1088 488 1145 sed
504 1104 610 1145 omnes
625 1087 657 1143 in
671 1095 774 1162 partes
785 1087 923 1161 dispersa
932 1086 1104 1146 multitudo:

171 1165 207 1226 10
223 1167 285 1224 Ubi
300 1169 407 1243 cuique
423 1173 475 1224 aut
490 1167 580 1224 vallis
596 1168 700 1224 abdita
721 1172 774 1224 aut
788 1167 873 1224 locus
887 1167 1037 1225 silvestris
1052 1172 1107 1225 aut

221 1246 308 1322 palus
332 1247 478 1323 impedita
502 1265 586 1322 spem
607 1246 737 1323 praesidii
759 1253 813 1304 aut
836 1247 944 1304 salutis
972 1246 1105 1322 aliquam

223 1327 374 1398 offerebat,
390 1328 577 1385 consederat.
621 1326 696 1384 Hoec
717 1326 783 1384 loca
798 1327 1005 1384 vicinitatibus
1019 1332 1106 1384 eraut

221 1414 303 1478 nota,
329 1425 532 1482 magnamque
553 1424 601 1464 res
624 1406 816 1480 diligentiam
840 1407 1020 1482 requirebat,
1046 1424 1108 1463 nou

221 1486 253 1543 in
277 1504 398 1545 summa
422 1488 572 1545 exercitus
600 1487 714 1544 tuenda
736 1486 866 1556 (nullum
886 1488 965 1544 enim
985 1492 1107 1562 poterat

172 1569 206 1627 lb
221 1567 372 1624 universis
388 1567 426 1624 ab
446 1567 615 1642 perterritis
637 1585 671 1624 ae
686 1567 831 1642 dispersis
852 1567 1015 1642 periculum
1033 1567 1106 1624 acci·

222 1647 317 1722 dere),
334 1648 387 1705 sed
408 1647 439 1705 in
461 1647 590 1722 siugulis
612 1646 761 1704 militibus
783 1647 1017 1721 conservandis3
1040 1664 1106 1722 quae

221 1732 324 1784 tamen
339 1745 377 1785 ex
391 1733 477 1802 parte
498 1744 547 1784 res
562 1726 600 1784 ad
616 1727 746 1783 salutem
761 1728 911 1784 exercitus
925 1727 1104 1802 pertinebat.

223 1807 304 1864 Nam
325 1813 356 1864 et
370 1807 477 1883 praedae
499 1807 651 1883 cupiditas
673 1807 785 1864 multos
805 1806 927 1880 longius
948 1807 1105 1876 evocabat,

222 1893 254 1944 et
282 1888 366 1944 silvae
395 1887 519 1944 incertis
548 1887 734 1962 occultisque
764 1887 920 1944 itineribus
955 1887 1107 1945 confertos

170 1967 208 2024 ao
223 1967 305 2024 adire
320 1967 527 2042 prohibebant.
572 1966 605 2024 Si
626 1967 785 2040 negotium
803 1966 906 2023 confici
921 1967 1106 2042 stirpemque

223 2047 380 2104 homiuum
409 2047 624 2105 sceleratorum
648 2046 774 2104 interlici
797 2046 895 2116 vellet,
918 2045 1106 2104 dimittenda

222 2127 323 2201 plures
344 2145 454 2184 manus
474 2126 697 2203 diducendique
712 2130 799 2183 eraut
813 2126 942 2183 milites:
966 2127 991 2184 si
1013 2127 1106 2184 eonti-

223 2224 292 2286 nerc
308 2207 345 2264 ad
361 2208 452 2282 signa
466 2206 637 2282 manipulos
653 2206 753 2278 vellet,
770 2211 804 2263 nt
819 2206 962 2264 institute
982 2207 1106 2264 ratioet

222 2289 409 2345 consuetudo
424 2288 572 2346 exercitus
594 2287 726 2345 Romani
741 2287 926 2364 postulabat,
942 2286 1028 2344 locus
1042 2287 1106 2363 ipse

170 2366 206 2422 25
222 2372 288 2424 erat
308 2368 449 2442 praesidio
469 2368 616 2436 barbaria,
632 2385 729 2442 neque
750 2385 787 2424 ex
809 2367 926 2424 occulto
941 2367 1106 2425 insidiandi

221 2452 253 2504 et
267 2447 421 2522 dispersos
436 2447 690 2505 circumveniendi
706 2446 835 2520 singolis
851 2446 954 2504 deerat
968 2447 1105 2505 audacia.

222 2526 268 2584 At
290 2526 321 2584 iu
345 2528 492 2601 eJusmodi
514 2527 748 2597 difficultatibus,
769 2533 915 2602 quantum
945 2527 1106 2602 diligentia

221 2607 373 2683 provideri
388 2612 515 2682 poterat,
531 2608 765 2682 providebatur3
787 2613 821 2663 ut
834 2607 940 2682 potius
954 2608 986 2664 in
1001 2625 1106 2664 nocen-

223 2687 261 2743 do
283 2687 396 2761 aliquid
418 2687 707 2761 praetermitteretur,
722 2687 779 2745 etsi
795 2687 930 2744 omnium
952 2687 1045 2744 animi
1068 2687 1105 2745 ad

169 2765 207 2823 30
222 2766 428 2824 ulciscendum
457 2766 613 2837 ardebant,
637 2785 729 2842 qnam
754 2783 821 2823 cum
845 2767 947 2842 aliquo
972 2767 1102 2824 militum

221 2846 404 2904 detrimento
419 2852 582 2904 noceretur.
629 2847 732 2905 Oaesar
747 2847 784 2904 ad
806 2846 950 2904 finitimas
964 2847 1105 2904 civitates

222 2926 349 2984 nuncios
363 2926 499 2997 dimittit,
516 2943 621 2983 omnes
643 2927 680 2983 ad
696 2944 728 2984 se
749 2932 858 2984 evocat
873 2944 926 3002 spe
942 2927 1051 3000 proedae
1067 2927 1104 2984 ad
1151 2995 1163 3002 ,

222 3007 409 3081 diripiendos
431 3006 597 3076 Eburones,
614 3013 649 3062 ut
663 3007 765 3081 potius
787 3007 817 3062 in
840 3006 926 3063 silvis
947 3005 1103 3064 Gallorum

223 3087 287 3144 vita
302 3104 393 3162 quam
415 3086 599 3160 legionarius
614 3086 701 3143 miles
722 3086 925 3163 periclitetur,
948 3086 1040 3144 simul
1062 3092 1103 3156 ut,

169 3167 206 3224 35
222 3184 335 3240 magua
363 3166 556 3223 multitudine
585 3165 775 3235 circumfusa,
803 3184 857 3242 pro
885 3166 940 3223 tali
972 3167 1104 3224 facinore

221 3247 314 3318 stirps
330 3263 364 3302 ac
378 3263 485 3302 nomen
502 3245 635 3302 civitatis
650 3246 783 3303 tollatur.
820 3245 956 3320 Magnus
971 3246 1104 3322 undique

222 3341 364 3380 numerus
379 3324 515 3380 celeriter
529 3325 678 3381 convenit.

262 3405 307 3459 35.
332 3403 406 3458 Haec
434 3403 463 3458 in
493 3403 633 3459 omnibus
657 3403 835 3461 Eburonum
860 3405 998 3480 partibus
1024 3422 1105 3478 gere·

221 3480 339 3551 buntur,
357 3482 479 3555 diesque
501 3483 663 3556 oppetebat
683 3484 841 3558 septimus
856 3502 946 3559 quem
969 3485 1009 3542 ad
1023 3485 1107 3542 diem
