<?xml version="1.0" encoding="UTF-8"?>
<!DOCTYPE html PUBLIC "-//W3C//DTD XHTML 1.0 Transitional//EN"
    "http://www.w3.org/TR/xhtml1/DTD/xhtml1-transitional.dtd">
<html xmlns="http://www.w3.org/1999/xhtml" xml:lang="en" lang="en">
 <head>
  <title>
</title>
<meta http-equiv="Content-Type" content="text/html;charset=utf-8" />
  <meta name='ocr-system' content='tesseract 3.04.00' />
  <meta name='ocr-capabilities' content='ocr_page ocr_carea ocr_par ocr_line ocrx_word'/>
</head>
<body>
  <div class='ocr_page' id='page_1' title='image "./caiijuliicaesar03caesgoog_0099.png"; bbox 0 0 2548 3774; ppageno 0'>
   <div class='ocr_carea' id='block_1_1' title="bbox 456 302 1082 380">
    <p class='ocr_par' dir='ltr' id='par_1_1' title="bbox 456 302 1082 380">
     <span class='ocr_line' id='line_1_1' title="bbox 456 302 1082 380; baseline -0.003 -10"><span class='ocrx_word' id='word_1_1' title='bbox 456 322 569 370; x_wconf 81' lang='lat' dir='ltr'>nisan</span> <span class='ocrx_word' id='word_1_2' title='bbox 593 320 771 380; x_wconf 80' lang='lat' dir='ltr'>Qnrsrus.</span> <span class='ocrx_word' id='word_1_3' title='bbox 1042 302 1082 368; x_wconf 80' lang='lat'>91</span> 
     </span>
    </p>
   </div>
   <div class='ocr_carea' id='block_1_2' title="bbox 107 468 1082 1982">
    <p class='ocr_par' dir='ltr' id='par_1_2' title="bbox 151 468 1032 628">
     <span class='ocr_line' id='line_1_2' title="bbox 151 468 1032 550; baseline -0.007 -18"><span class='ocrx_word' id='word_1_4' title='bbox 151 481 187 531; x_wconf 91' lang='lat' dir='ltr'>ut</span> <span class='ocrx_word' id='word_1_5' title='bbox 201 473 411 550; x_wconf 83' lang='lat' dir='ltr'>imperaverat,</span> <span class='ocrx_word' id='word_1_6' title='bbox 423 472 551 530; x_wconf 77' lang='lat' dir='ltr'><strong>arbitros</strong></span> <span class='ocrx_word' id='word_1_7' title='bbox 563 472 642 529; x_wconf 87' lang='lat' dir='ltr'>inter</span> <span class='ocrx_word' id='word_1_8' title='bbox 652 471 792 530; x_wconf 87' lang='lat' dir='ltr'>civitates</span> <span class='ocrx_word' id='word_1_9' title='bbox 806 470 869 542; x_wconf 87' lang='lat' dir='ltr'>dat,</span> <span class='ocrx_word' id='word_1_10' title='bbox 879 469 931 546; x_wconf 92' lang='lat' dir='ltr'>qui</span> <span class='ocrx_word' id='word_1_11' title='bbox 945 468 1032 527; x_wconf 90' lang='lat' dir='ltr'>litem</span> 
     </span>
     <span class='ocr_line' id='line_1_3' title="bbox 152 552 710 628; baseline -0.002 -18"><span class='ocrx_word' id='word_1_12' title='bbox 152 555 305 612; x_wconf 74' lang='lat' dir='ltr'>aestiment</span> <span class='ocrx_word' id='word_1_13' title='bbox 318 570 498 628; x_wconf 87' lang='lat' dir='ltr'>poenamque</span> <span class='ocrx_word' id='word_1_14' title='bbox 514 552 710 610; x_wconf 74' lang='lat' dir='ltr'>constituant.</span> 
     </span>
    </p>

    <p class='ocr_par' dir='ltr' id='par_1_3' title="bbox 150 627 1082 1344">
     <span class='ocr_line' id='line_1_4' title="bbox 193 627 1031 706; baseline -0.006 -16"><span class='ocrx_word' id='word_1_15' title='bbox 193 635 220 691; x_wconf 78' lang='lat'>2.</span> <span class='ocrx_word' id='word_1_16' title='bbox 243 633 303 690; x_wconf 91' lang='lat' dir='ltr'>His</span> <span class='ocrx_word' id='word_1_17' title='bbox 316 632 461 690; x_wconf 85' lang='lat' dir='ltr'>conlectis</span> <span class='ocrx_word' id='word_1_18' title='bbox 476 632 565 689; x_wconf 91' lang='lat' dir='ltr'>rebus</span> <span class='ocrx_word' id='word_1_19' title='bbox 579 631 836 705; x_wconf 88' lang='lat' dir='ltr'>conventibusque</span> <span class='ocrx_word' id='word_1_20' title='bbox 848 629 987 706; x_wconf 85' lang='lat' dir='ltr'>peractis,</span> <span class='ocrx_word' id='word_1_21' title='bbox 998 627 1031 686; x_wconf 91' lang='lat' dir='ltr'>in</span> 
     </span>
     <span class='ocr_line' id='line_1_5' title="bbox 152 708 1032 786; baseline -0.005 -17"><span class='ocrx_word' id='word_1_22' title='bbox 152 712 321 770; x_wconf 81' lang='lat' dir='ltr'>citeriorem</span> <span class='ocrx_word' id='word_1_23' title='bbox 343 711 475 770; x_wconf 84' lang='lat' dir='ltr'>Gallium</span> <span class='ocrx_word' id='word_1_24' title='bbox 496 711 658 768; x_wconf 87' lang='lat' dir='ltr'>revertitur</span> <span class='ocrx_word' id='word_1_25' title='bbox 673 718 764 786; x_wconf 91' lang='lat' dir='ltr'>atque</span> <span class='ocrx_word' id='word_1_26' title='bbox 785 711 854 767; x_wconf 90' lang='lat' dir='ltr'>iude</span> <span class='ocrx_word' id='word_1_27' title='bbox 870 710 908 768; x_wconf 88' lang='lat' dir='ltr'>ad</span> <span class='ocrx_word' id='word_1_28' title='bbox 923 708 1032 766; x_wconf 84' lang='lat' dir='ltr'>exerci-</span> 
     </span>
     <span class='ocr_line' id='line_1_6' title="bbox 150 787 1082 867; baseline -0.002 -19"><span class='ocrx_word' id='word_1_29' title='bbox 150 798 218 848; x_wconf 88' lang='lat' dir='ltr'>tum</span> <span class='ocrx_word' id='word_1_30' title='bbox 233 791 438 867; x_wconf 87' lang='lat' dir='ltr'>proficiscitur.</span> <span class='ocrx_word' id='word_1_31' title='bbox 481 791 527 848; x_wconf 86' lang='lat' dir='ltr'>Eo</span> <span class='ocrx_word' id='word_1_32' title='bbox 548 808 616 848; x_wconf 89' lang='lat' dir='ltr'>curn</span> <span class='ocrx_word' id='word_1_33' title='bbox 634 791 774 860; x_wconf 84' lang='lat' dir='ltr'>venisset,</span> <span class='ocrx_word' id='word_1_34' title='bbox 787 789 919 848; x_wconf 86' lang='lat' dir='ltr'>circuitis</span> <span class='ocrx_word' id='word_1_35' title='bbox 938 787 1032 846; x_wconf 92' lang='lat' dir='ltr'>omni·</span> <span class='ocrx_word' id='word_1_36' title='bbox 1064 788 1082 846; x_wconf 82' lang='lat'>5</span> 
     </span>
     <span class='ocr_line' id='line_1_7' title="bbox 152 869 1030 944; baseline -0.003 -17"><span class='ocrx_word' id='word_1_37' title='bbox 152 869 208 928; x_wconf 87' lang='lat' dir='ltr'>bus</span> <span class='ocrx_word' id='word_1_38' title='bbox 232 871 371 940; x_wconf 86' lang='lat' dir='ltr'>bibernis,</span> <span class='ocrx_word' id='word_1_39' title='bbox 396 870 542 944; x_wconf 80' lang='lat' dir='ltr'>singulari</span> <span class='ocrx_word' id='word_1_40' title='bbox 565 871 695 926; x_wconf 90' lang='lat' dir='ltr'>militum</span> <span class='ocrx_word' id='word_1_41' title='bbox 717 869 817 927; x_wconf 91' lang='lat' dir='ltr'>studio</span> <span class='ocrx_word' id='word_1_42' title='bbox 850 870 881 925; x_wconf 92' lang='lat' dir='ltr'>in</span> <span class='ocrx_word' id='word_1_43' title='bbox 909 884 1030 926; x_wconf 87' lang='lat' dir='ltr'>summa</span> 
     </span>
     <span class='ocr_line' id='line_1_8' title="bbox 151 949 1030 1025; baseline -0.006 -17"><span class='ocrx_word' id='word_1_44' title='bbox 151 951 287 1008; x_wconf 90' lang='lat' dir='ltr'>omniurn</span> <span class='ocrx_word' id='word_1_45' title='bbox 308 968 406 1008; x_wconf 89' lang='lat' dir='ltr'>rerum</span> <span class='ocrx_word' id='word_1_46' title='bbox 427 950 530 1025; x_wconf 91' lang='lat' dir='ltr'>inopia</span> <span class='ocrx_word' id='word_1_47' title='bbox 554 950 669 1006; x_wconf 83' lang='lat' dir='ltr'>circiter</span> <span class='ocrx_word' id='word_1_48' title='bbox 684 956 841 1007; x_wconf 85' lang='lat' dir='ltr'>sexcentas</span> <span class='ocrx_word' id='word_1_49' title='bbox 857 949 921 1023; x_wconf 89' lang='lat' dir='ltr'>ejus</span> <span class='ocrx_word' id='word_1_50' title='bbox 942 965 1030 1023; x_wconf 86' lang='lat' dir='ltr'>gene·</span> 
     </span>
     <span class='ocr_line' id='line_1_9' title="bbox 151 1027 1029 1105; baseline -0.001 -19"><span class='ocrx_word' id='word_1_51' title='bbox 151 1030 200 1101; x_wconf 90' lang='lat' dir='ltr'>ris,</span> <span class='ocrx_word' id='word_1_52' title='bbox 225 1032 308 1105; x_wconf 86' lang='lat' dir='ltr'>cnjus</span> <span class='ocrx_word' id='word_1_53' title='bbox 330 1046 421 1105; x_wconf 89' lang='lat' dir='ltr'>supra</span> <span class='ocrx_word' id='word_1_54' title='bbox 444 1029 728 1099; x_wconf 86' lang='lat' dir='ltr'>demonstravimus,</span> <span class='ocrx_word' id='word_1_55' title='bbox 751 1046 845 1086; x_wconf 88' lang='lat' dir='ltr'>naves</span> <span class='ocrx_word' id='word_1_56' title='bbox 867 1033 898 1085; x_wconf 92' lang='lat' dir='ltr'>et</span> <span class='ocrx_word' id='word_1_57' title='bbox 920 1027 1029 1101; x_wconf 81' lang='lat' dir='ltr'>longas</span> 
     </span>
     <span class='ocr_line' id='line_1_10' title="bbox 151 1107 1030 1184; baseline -0.003 -17"><span class='ocrx_word' id='word_1_58' title='bbox 151 1110 260 1184; x_wconf 86' lang='lat' dir='ltr'>viginti</span> <span class='ocrx_word' id='word_1_59' title='bbox 275 1115 342 1168; x_wconf 91' lang='lat' dir='ltr'>octo</span> <span class='ocrx_word' id='word_1_60' title='bbox 357 1110 474 1166; x_wconf 90' lang='lat' dir='ltr'>invenit</span> <span class='ocrx_word' id='word_1_61' title='bbox 489 1109 661 1177; x_wconf 87' lang='lat' dir='ltr'>instructas,</span> <span class='ocrx_word' id='word_1_62' title='bbox 675 1126 771 1184; x_wconf 89' lang='lat' dir='ltr'>neque</span> <span class='ocrx_word' id='word_1_63' title='bbox 783 1108 910 1166; x_wconf 85' lang='lat' dir='ltr'>multunr</span> <span class='ocrx_word' id='word_1_64' title='bbox 923 1107 1030 1164; x_wconf 83' lang='lat' dir='ltr'>abesse</span> 
     </span>
     <span class='ocr_line' id='line_1_11' title="bbox 150 1185 1082 1265; baseline -0.005 -18"><span class='ocrx_word' id='word_1_65' title='bbox 150 1189 189 1247; x_wconf 84' lang='lat' dir='ltr'>ab</span> <span class='ocrx_word' id='word_1_66' title='bbox 203 1208 248 1264; x_wconf 83' lang='lat' dir='ltr'>eo,</span> <span class='ocrx_word' id='word_1_67' title='bbox 264 1189 336 1265; x_wconf 91' lang='lat' dir='ltr'>quin</span> <span class='ocrx_word' id='word_1_68' title='bbox 356 1189 460 1263; x_wconf 84' lang='lat' dir='ltr'>paucis</span> <span class='ocrx_word' id='word_1_69' title='bbox 482 1189 589 1246; x_wconf 89' lang='lat' dir='ltr'>diebus</span> <span class='ocrx_word' id='word_1_70' title='bbox 611 1188 716 1246; x_wconf 88' lang='lat' dir='ltr'>deduci</span> <span class='ocrx_word' id='word_1_71' title='bbox 735 1195 866 1262; x_wconf 88' lang='lat' dir='ltr'>possent.</span> <span class='ocrx_word' id='word_1_72' title='bbox 910 1186 1029 1245; x_wconf 80' lang='lat' dir='ltr'>Collau-</span> <span class='ocrx_word' id='word_1_73' title='bbox 1045 1185 1082 1243; x_wconf 85' lang='grc'>10</span> 
     </span>
     <span class='ocr_line' id='line_1_12' title="bbox 150 1267 1027 1344; baseline -0.005 -17"><span class='ocrx_word' id='word_1_74' title='bbox 150 1269 231 1327; x_wconf 89' lang='lat' dir='ltr'>datis</span> <span class='ocrx_word' id='word_1_75' title='bbox 260 1269 408 1326; x_wconf 83' lang='lat' dir='ltr'>militibus</span> <span class='ocrx_word' id='word_1_76' title='bbox 437 1275 525 1344; x_wconf 89' lang='lat' dir='ltr'>atque</span> <span class='ocrx_word' id='word_1_77' title='bbox 554 1269 591 1325; x_wconf 90' lang='lat' dir='ltr'>iis</span> <span class='ocrx_word' id='word_1_78' title='bbox 616 1268 666 1343; x_wconf 92' lang='lat' dir='ltr'>qui</span> <span class='ocrx_word' id='word_1_79' title='bbox 693 1268 815 1342; x_wconf 89' lang='lat' dir='ltr'>negotio</span> <span class='ocrx_word' id='word_1_80' title='bbox 837 1267 1027 1342; x_wconf 73' lang='lat' dir='ltr'>praefuerant,</span> 
     </span>
    </p>

    <p class='ocr_par' dir='ltr' id='par_1_4' title="bbox 107 1347 1079 1982">
     <span class='ocr_line' id='line_1_13' title="bbox 107 1347 1028 1424; baseline -0.004 -18"><span class='ocrx_word' id='word_1_81' title='bbox 107 1385 112 1394; x_wconf 89' lang='lat'><em>·</em></span> <span class='ocrx_word' id='word_1_82' title='bbox 149 1349 222 1424; x_wconf 92' lang='lat' dir='ltr'>quid</span> <span class='ocrx_word' id='word_1_83' title='bbox 246 1348 307 1406; x_wconf 88' lang='lat' dir='ltr'>fieri</span> <span class='ocrx_word' id='word_1_84' title='bbox 332 1348 404 1406; x_wconf 88' lang='lat' dir='ltr'>velit</span> <span class='ocrx_word' id='word_1_85' title='bbox 432 1349 573 1417; x_wconf 79' lang='lat' dir='ltr'>ostendit,</span> <span class='ocrx_word' id='word_1_86' title='bbox 598 1355 687 1424; x_wconf 87' lang='lat' dir='ltr'>atque</span> <span class='ocrx_word' id='word_1_87' title='bbox 713 1365 817 1404; x_wconf 88' lang='lat' dir='ltr'>omnes</span> <span class='ocrx_word' id='word_1_88' title='bbox 841 1347 879 1404; x_wconf 90' lang='lat' dir='ltr'>ad</span> <span class='ocrx_word' id='word_1_89' title='bbox 907 1350 1028 1421; x_wconf 90' lang='lat' dir='ltr'>portum</span> 
     </span>
     <span class='ocr_line' id='line_1_14' title="bbox 150 1425 1027 1503; baseline -0.006 -17"><span class='ocrx_word' id='word_1_90' title='bbox 150 1429 243 1486; x_wconf 88' lang='lat' dir='ltr'>Itium</span> <span class='ocrx_word' id='word_1_91' title='bbox 255 1428 414 1486; x_wconf 87' lang='lat' dir='ltr'>convenire</span> <span class='ocrx_word' id='word_1_92' title='bbox 424 1428 519 1502; x_wconf 92' lang='lat' dir='ltr'>jubet,</span> <span class='ocrx_word' id='word_1_93' title='bbox 530 1445 589 1503; x_wconf 93' lang='lat' dir='ltr'>quo</span> <span class='ocrx_word' id='word_1_94' title='bbox 600 1445 637 1484; x_wconf 85' lang='lat' dir='ltr'>ex</span> <span class='ocrx_word' id='word_1_95' title='bbox 652 1433 740 1502; x_wconf 84' lang='lat' dir='ltr'>portu</span> <span class='ocrx_word' id='word_1_96' title='bbox 751 1425 1027 1484; x_wconf 90' lang='lat' dir='ltr'>commodissimum</span> 
     </span>
     <span class='ocr_line' id='line_1_15' title="bbox 149 1505 1028 1583; baseline -0.003 -19"><span class='ocrx_word' id='word_1_97' title='bbox 149 1508 180 1564; x_wconf 92' lang='lat' dir='ltr'>in</span> <span class='ocrx_word' id='word_1_98' title='bbox 204 1508 394 1565; x_wconf 87' lang='lat' dir='ltr'>Britanniam</span> <span class='ocrx_word' id='word_1_99' title='bbox 420 1509 576 1583; x_wconf 88' lang='lat' dir='ltr'>trajectum</span> <span class='ocrx_word' id='word_1_100' title='bbox 601 1525 668 1564; x_wconf 88' lang='lat' dir='ltr'>esse</span> <span class='ocrx_word' id='word_1_101' title='bbox 693 1512 884 1581; x_wconf 84' lang='lat' dir='ltr'>cognoverat,</span> <span class='ocrx_word' id='word_1_102' title='bbox 911 1505 1028 1563; x_wconf 84' lang='lat' dir='ltr'>circiter</span> 
     </span>
     <span class='ocr_line' id='line_1_16' title="bbox 149 1581 1079 1663; baseline -0.008 -19"><span class='ocrx_word' id='word_1_103' title='bbox 149 1587 267 1645; x_wconf 91' lang='lat' dir='ltr'>milium</span> <span class='ocrx_word' id='word_1_104' title='bbox 294 1605 438 1663; x_wconf 85' lang='lat' dir='ltr'>passuum</span> <span class='ocrx_word' id='word_1_105' title='bbox 466 1587 593 1662; x_wconf 89' lang='lat' dir='ltr'>triginta</span> <span class='ocrx_word' id='word_1_106' title='bbox 618 1605 636 1643; x_wconf 93' lang='lat' dir='ltr'>a</span> <span class='ocrx_word' id='word_1_107' title='bbox 659 1585 834 1644; x_wconf 89' lang='lat' dir='ltr'>continenti.</span> <span class='ocrx_word' id='word_1_108' title='bbox 880 1585 961 1643; x_wconf 88' lang='lat' dir='ltr'>Huic</span> <span class='ocrx_word' id='word_1_109' title='bbox 985 1583 1027 1640; x_wconf 90' lang='lat' dir='ltr'>rei</span> <span class='ocrx_word' id='word_1_110' title='bbox 1044 1581 1079 1638; x_wconf 83' lang='lat'>15</span> 
     </span>
     <span class='ocr_line' id='line_1_17' title="bbox 148 1663 1026 1742; baseline -0.006 -17"><span class='ocrx_word' id='word_1_111' title='bbox 148 1667 229 1742; x_wconf 92' lang='lat' dir='ltr'>quod</span> <span class='ocrx_word' id='word_1_112' title='bbox 252 1667 327 1725; x_wconf 88' lang='lat' dir='ltr'>satis</span> <span class='ocrx_word' id='word_1_113' title='bbox 349 1685 416 1725; x_wconf 87' lang='lat' dir='ltr'>esse</span> <span class='ocrx_word' id='word_1_114' title='bbox 439 1668 538 1725; x_wconf 86' lang='lat' dir='ltr'>visum</span> <span class='ocrx_word' id='word_1_115' title='bbox 560 1671 608 1724; x_wconf 88' lang='lat' dir='ltr'>est</span> <span class='ocrx_word' id='word_1_116' title='bbox 635 1666 772 1736; x_wconf 86' lang='lat' dir='ltr'>militum,</span> <span class='ocrx_word' id='word_1_117' title='bbox 798 1665 933 1740; x_wconf 88' lang='lat' dir='ltr'>reliquit:</span> <span class='ocrx_word' id='word_1_118' title='bbox 962 1663 1026 1739; x_wconf 89' lang='lat' dir='ltr'>ipse</span> 
     </span>
     <span class='ocr_line' id='line_1_18' title="bbox 148 1743 1028 1838; baseline -0.007 -34"><span class='ocrx_word' id='word_1_119' title='bbox 148 1765 216 1804; x_wconf 89' lang='lat' dir='ltr'>curn</span> <span class='ocrx_word' id='word_1_120' title='bbox 233 1746 401 1822; x_wconf 85' lang='lat' dir='ltr'>legionibus</span> <span class='ocrx_word' id='word_1_121' title='bbox 416 1747 563 1822; x_wconf 85' lang='lat' dir='ltr'>expeditis</span> <span class='ocrx_word' id='word_1_122' title='bbox 578 1752 706 1822; x_wconf 90' lang='lat' dir='ltr'>quatuor</span> <span class='ocrx_word' id='word_1_123' title='bbox 722 1753 754 1804; x_wconf 90' lang='lat' dir='ltr'>et</span> <span class='ocrx_word' id='word_1_124' title='bbox 767 1744 920 1838; x_wconf 85' lang='lat' dir='ltr'>equitibus</span> <span class='ocrx_word' id='word_1_125' title='bbox 934 1743 1028 1801; x_wconf 88' lang='lat' dir='ltr'>octin-</span> 
     </span>
     <span class='ocr_line' id='line_1_19' title="bbox 149 1821 1026 1901; baseline -0.006 -18"><span class='ocrx_word' id='word_1_126' title='bbox 149 1827 249 1901; x_wconf 86' lang='lat' dir='ltr'>gentis</span> <span class='ocrx_word' id='word_1_127' title='bbox 265 1827 308 1883; x_wconf 57' lang='lat' dir='ltr'>&#39;in</span> <span class='ocrx_word' id='word_1_128' title='bbox 337 1826 411 1884; x_wconf 89' lang='lat' dir='ltr'>fines</span> <span class='ocrx_word' id='word_1_129' title='bbox 439 1826 631 1884; x_wconf 79' lang='lat' dir='ltr'>Trevirorum</span> <span class='ocrx_word' id='word_1_130' title='bbox 659 1825 862 1901; x_wconf 81' lang='lat' dir='ltr'>proficiscitur,</span> <span class='ocrx_word' id='word_1_131' title='bbox 887 1823 967 1900; x_wconf 93' lang='lat' dir='ltr'>quod</span> <span class='ocrx_word' id='word_1_132' title='bbox 995 1821 1026 1879; x_wconf 93' lang='lat' dir='ltr'>hi</span> 
     </span>
     <span class='ocr_line' id='line_1_20' title="bbox 148 1905 1027 1982; baseline -0.002 -20"><span class='ocrx_word' id='word_1_133' title='bbox 148 1923 245 1982; x_wconf 89' lang='lat' dir='ltr'>neque</span> <span class='ocrx_word' id='word_1_134' title='bbox 269 1906 307 1964; x_wconf 91' lang='lat' dir='ltr'>ad</span> <span class='ocrx_word' id='word_1_135' title='bbox 332 1906 460 1964; x_wconf 89' lang='lat' dir='ltr'>concilia</span> <span class='ocrx_word' id='word_1_136' title='bbox 484 1905 647 1962; x_wconf 87' lang='lat' dir='ltr'>veniebant</span> <span class='ocrx_word' id='word_1_137' title='bbox 674 1923 769 1980; x_wconf 91' lang='lat' dir='ltr'>neque</span> <span class='ocrx_word' id='word_1_138' title='bbox 793 1905 916 1980; x_wconf 88' lang='lat' dir='ltr'>imperio</span> <span class='ocrx_word' id='word_1_139' title='bbox 944 1920 1027 1978; x_wconf 86' lang='lat' dir='ltr'>pare·</span> 
     </span>
    </p>
   </div>
   <div class='ocr_carea' id='block_1_3' title="bbox 6 1955 1078 2061">
    <p class='ocr_par' dir='ltr' id='par_1_5' title="bbox 6 1955 1078 2061">
     <span class='ocr_line' id='line_1_21' title="bbox 6 1955 1078 2061; baseline -0.006 -19"><span class='ocrx_word' id='word_1_140' title='bbox 6 1955 8 2030; x_wconf 58' lang='grc' dir='ltr'>Ᾰ</span> <span class='ocrx_word' id='word_1_141' title='bbox 55 2035 57 2040; x_wconf 90' lang='grc'>.</span> <span class='ocrx_word' id='word_1_142' title='bbox 148 1985 230 2056; x_wconf 87' lang='lat' dir='ltr'>bant,</span> <span class='ocrx_word' id='word_1_143' title='bbox 247 1986 474 2061; x_wconf 83' lang='lat' dir='ltr'>Germanosque</span> <span class='ocrx_word' id='word_1_144' title='bbox 496 1984 744 2042; x_wconf 86' lang='lat' dir='ltr'>Transrhenanos</span> <span class='ocrx_word' id='word_1_145' title='bbox 766 1984 929 2042; x_wconf 90' lang='lat' dir='ltr'>sollicitare</span> <span class='ocrx_word' id='word_1_146' title='bbox 951 1983 1027 2040; x_wconf 86' lang='lat' dir='ltr'>dioe-</span> <span class='ocrx_word' id='word_1_147' title='bbox 1041 1979 1078 2037; x_wconf 74' lang='lat'>20</span> 
     </span>
    </p>
   </div>
   <div class='ocr_carea' id='block_1_4' title="bbox 146 2065 1077 2938">
    <p class='ocr_par' dir='ltr' id='par_1_6' title="bbox 148 2065 267 2124">
     <span class='ocr_line' id='line_1_22' title="bbox 148 2065 267 2124; baseline 0.017 -2"><span class='ocrx_word' id='word_1_148' title='bbox 148 2065 267 2124; x_wconf 88' lang='lat' dir='ltr'>bantur.</span> 
     </span>
    </p>

    <p class='ocr_par' dir='ltr' id='par_1_7' title="bbox 146 2142 1077 2938">
     <span class='ocr_line' id='line_1_23' title="bbox 187 2142 1025 2221; baseline -0.007 -17"><span class='ocrx_word' id='word_1_149' title='bbox 187 2149 213 2204; x_wconf 88' lang='lat'>3.</span> <span class='ocrx_word' id='word_1_150' title='bbox 239 2145 313 2204; x_wconf 79' lang='lat' dir='ltr'>Haec</span> <span class='ocrx_word' id='word_1_151' title='bbox 341 2145 451 2203; x_wconf 86' lang='lat' dir='ltr'>civitas</span> <span class='ocrx_word' id='word_1_152' title='bbox 478 2144 568 2219; x_wconf 85' lang='lat' dir='ltr'>longo</span> <span class='ocrx_word' id='word_1_153' title='bbox 595 2144 756 2221; x_wconf 89' lang='lat' dir='ltr'>plurimum</span> <span class='ocrx_word' id='word_1_154' title='bbox 790 2144 883 2201; x_wconf 91' lang='lat' dir='ltr'>totius</span> <span class='ocrx_word' id='word_1_155' title='bbox 918 2142 1025 2200; x_wconf 76' lang='lat' dir='ltr'>Gallia</span> 
     </span>
     <span class='ocr_line' id='line_1_24' title="bbox 147 2223 1023 2300; baseline -0.003 -19"><span class='ocrx_word' id='word_1_156' title='bbox 147 2225 285 2300; x_wconf 89' lang='lat' dir='ltr'>equitatu</span> <span class='ocrx_word' id='word_1_157' title='bbox 310 2225 400 2297; x_wconf 88' lang='lat' dir='ltr'>valet,</span> <span class='ocrx_word' id='word_1_158' title='bbox 423 2243 610 2300; x_wconf 87' lang='lat' dir='ltr'>magnasque</span> <span class='ocrx_word' id='word_1_159' title='bbox 640 2225 731 2282; x_wconf 89' lang='lat' dir='ltr'>habet</span> <span class='ocrx_word' id='word_1_160' title='bbox 755 2225 856 2300; x_wconf 88' lang='lat' dir='ltr'>copias</span> <span class='ocrx_word' id='word_1_161' title='bbox 878 2223 1023 2299; x_wconf 90' lang='lat' dir='ltr'>peditum,</span> 
     </span>
     <span class='ocr_line' id='line_1_25' title="bbox 148 2302 1025 2380; baseline -0.003 -19"><span class='ocrx_word' id='word_1_162' title='bbox 148 2303 358 2380; x_wconf 87' lang='lat' dir='ltr'>Rhenumque,</span> <span class='ocrx_word' id='word_1_163' title='bbox 375 2311 408 2362; x_wconf 92' lang='lat' dir='ltr'>ut</span> <span class='ocrx_word' id='word_1_164' title='bbox 429 2322 522 2379; x_wconf 89' lang='lat' dir='ltr'>supra</span> <span class='ocrx_word' id='word_1_165' title='bbox 541 2305 822 2374; x_wconf 87' lang='lat' dir='ltr'>demonstravimus,</span> <span class='ocrx_word' id='word_1_166' title='bbox 838 2303 944 2376; x_wconf 86' lang='lat' dir='ltr'>tangit.</span> <span class='ocrx_word' id='word_1_167' title='bbox 988 2302 1025 2359; x_wconf 91' lang='lat' dir='ltr'>In</span> 
     </span>
     <span class='ocr_line' id='line_1_26' title="bbox 147 2379 1077 2460; baseline -0.005 -20"><span class='ocrx_word' id='word_1_168' title='bbox 147 2401 183 2441; x_wconf 90' lang='lat' dir='ltr'>ea</span> <span class='ocrx_word' id='word_1_169' title='bbox 197 2385 320 2442; x_wconf 82' lang='lat' dir='ltr'>civitate</span> <span class='ocrx_word' id='word_1_170' title='bbox 335 2385 394 2442; x_wconf 93' lang='lat' dir='ltr'>duo</span> <span class='ocrx_word' id='word_1_171' title='bbox 410 2385 446 2442; x_wconf 92' lang='lat' dir='ltr'>de</span> <span class='ocrx_word' id='word_1_172' title='bbox 460 2385 630 2460; x_wconf 89' lang='lat' dir='ltr'>principatu</span> <span class='ocrx_word' id='word_1_173' title='bbox 652 2383 732 2441; x_wconf 76' lang='lat' dir='ltr'>inter‘</span> <span class='ocrx_word' id='word_1_174' title='bbox 744 2402 776 2441; x_wconf 89' lang='lat' dir='ltr'>se</span> <span class='ocrx_word' id='word_1_175' title='bbox 792 2383 1023 2451; x_wconf 86' lang='lat' dir='ltr'>contendebant,</span> <span class='ocrx_word' id='word_1_176' title='bbox 1040 2379 1077 2436; x_wconf 77' lang='lat'>25</span> 
     </span>
     <span class='ocr_line' id='line_1_27' title="bbox 148 2461 1024 2539; baseline -0.002 -19"><span class='ocrx_word' id='word_1_177' title='bbox 148 2463 374 2522; x_wconf 85' lang='lat' dir='ltr'>Indutiomarus</span> <span class='ocrx_word' id='word_1_178' title='bbox 389 2470 420 2521; x_wconf 91' lang='lat' dir='ltr'>et</span> <span class='ocrx_word' id='word_1_179' title='bbox 436 2463 628 2538; x_wconf 81' lang='lat' dir='ltr'>Cingetorix:</span> <span class='ocrx_word' id='word_1_180' title='bbox 650 2480 687 2520; x_wconf 81' lang='lat' dir='ltr'>ex</span> <span class='ocrx_word' id='word_1_181' title='bbox 707 2464 815 2539; x_wconf 92' lang='lat' dir='ltr'>quibus</span> <span class='ocrx_word' id='word_1_182' title='bbox 835 2463 918 2532; x_wconf 90' lang='lat' dir='ltr'>alter,</span> <span class='ocrx_word' id='word_1_183' title='bbox 936 2461 1024 2519; x_wconf 90' lang='lat' dir='ltr'>simul</span> 
     </span>
     <span class='ocr_line' id='line_1_28' title="bbox 148 2542 1025 2620; baseline -0.005 -19"><span class='ocrx_word' id='word_1_184' title='bbox 148 2554 238 2620; x_wconf 86' lang='lat' dir='ltr'>atque</span> <span class='ocrx_word' id='word_1_185' title='bbox 260 2544 299 2602; x_wconf 88' lang='lat' dir='ltr'>de</span> <span class='ocrx_word' id='word_1_186' title='bbox 323 2543 451 2602; x_wconf 82' lang='lat' dir='ltr'>Caesaris</span> <span class='ocrx_word' id='word_1_187' title='bbox 474 2543 684 2619; x_wconf 89' lang='lat' dir='ltr'>legionumque</span> <span class='ocrx_word' id='word_1_188' title='bbox 714 2544 847 2600; x_wconf 87' lang='lat' dir='ltr'>adventu</span> <span class='ocrx_word' id='word_1_189' title='bbox 871 2542 1025 2616; x_wconf 86' lang='lat' dir='ltr'>cognitum</span> 
     </span>
     <span class='ocr_line' id='line_1_29' title="bbox 146 2622 1025 2699; baseline -0.005 -19"><span class='ocrx_word' id='word_1_190' title='bbox 146 2630 201 2693; x_wconf 87' lang='lat' dir='ltr'>cst,</span> <span class='ocrx_word' id='word_1_191' title='bbox 219 2624 341 2688; x_wconf 88' lang='lat' dir='ltr'>adeum</span> <span class='ocrx_word' id='word_1_192' title='bbox 357 2623 457 2696; x_wconf 81' lang='lat' dir='ltr'>veuit3</span> <span class='ocrx_word' id='word_1_193' title='bbox 479 2641 511 2681; x_wconf 90' lang='lat' dir='ltr'>se</span> <span class='ocrx_word' id='word_1_194' title='bbox 527 2641 657 2699; x_wconf 89' lang='lat' dir='ltr'>suosque</span> <span class='ocrx_word' id='word_1_195' title='bbox 673 2641 777 2681; x_wconf 89' lang='lat' dir='ltr'>omnes</span> <span class='ocrx_word' id='word_1_196' title='bbox 795 2624 824 2681; x_wconf 90' lang='lat' dir='ltr'>in</span> <span class='ocrx_word' id='word_1_197' title='bbox 840 2623 933 2680; x_wconf 89' lang='lat' dir='ltr'>officio</span> <span class='ocrx_word' id='word_1_198' title='bbox 948 2622 1025 2678; x_wconf 84' lang='lat' dir='ltr'>futu-</span> 
     </span>
     <span class='ocr_line' id='line_1_30' title="bbox 147 2699 1023 2780; baseline -0.005 -20"><span class='ocrx_word' id='word_1_199' title='bbox 147 2719 204 2773; x_wconf 89' lang='lat' dir='ltr'>ros,</span> <span class='ocrx_word' id='word_1_200' title='bbox 228 2721 324 2779; x_wconf 88' lang='lat' dir='ltr'>neque</span> <span class='ocrx_word' id='word_1_201' title='bbox 350 2703 387 2760; x_wconf 90' lang='lat' dir='ltr'>ab</span> <span class='ocrx_word' id='word_1_202' title='bbox 410 2699 545 2760; x_wconf 85' lang='lat' dir='ltr'>anricitia</span> <span class='ocrx_word' id='word_1_203' title='bbox 571 2703 674 2780; x_wconf 91' lang='lat' dir='ltr'>populi</span> <span class='ocrx_word' id='word_1_204' title='bbox 700 2703 831 2760; x_wconf 85' lang='lat' dir='ltr'>Romani</span> <span class='ocrx_word' id='word_1_205' title='bbox 855 2701 1023 2758; x_wconf 88' lang='lat' dir='ltr'>defeeturos</span> 
     </span>
     <span class='ocr_line' id='line_1_31' title="bbox 147 2777 1076 2858; baseline -0.008 -19"><span class='ocrx_word' id='word_1_206' title='bbox 147 2783 351 2855; x_wconf 83' lang='lat' dir='ltr'>confirmavit3</span> <span class='ocrx_word' id='word_1_207' title='bbox 372 2800 496 2858; x_wconf 80' lang='lat' dir='ltr'>quaque</span> <span class='ocrx_word' id='word_1_208' title='bbox 508 2784 539 2839; x_wconf 92' lang='lat' dir='ltr'>in</span> <span class='ocrx_word' id='word_1_209' title='bbox 551 2780 685 2840; x_wconf 81' lang='lat' dir='ltr'>Treviris</span> <span class='ocrx_word' id='word_1_210' title='bbox 696 2788 871 2857; x_wconf 85' lang='lat' dir='ltr'>gererentur</span> <span class='ocrx_word' id='word_1_211' title='bbox 882 2781 1021 2839; x_wconf 87' lang='lat' dir='ltr'>ostendit.</span> <span class='ocrx_word' id='word_1_212' title='bbox 1038 2777 1076 2832; x_wconf 86' lang='lat'>30</span> 
     </span>
     <span class='ocr_line' id='line_1_32' title="bbox 147 2861 1022 2938; baseline -0.001 -21"><span class='ocrx_word' id='word_1_213' title='bbox 147 2861 192 2920; x_wconf 87' lang='lat' dir='ltr'>At</span> <span class='ocrx_word' id='word_1_214' title='bbox 216 2863 443 2921; x_wconf 85' lang='lat' dir='ltr'>Indutiomarus</span> <span class='ocrx_word' id='word_1_215' title='bbox 467 2863 635 2938; x_wconf 88' lang='lat' dir='ltr'>equitatum</span> <span class='ocrx_word' id='word_1_216' title='bbox 660 2863 886 2938; x_wconf 88' lang='lat' dir='ltr'>peditatumque</span> <span class='ocrx_word' id='word_1_217' title='bbox 907 2877 1022 2934; x_wconf 90' lang='lat' dir='ltr'>cogere,</span> 
     </span>
    </p>
   </div>
   <div class='ocr_carea' id='block_1_5' title="bbox 54 2940 1021 3017">
    <p class='ocr_par' dir='ltr' id='par_1_8' title="bbox 54 2940 1021 3017">
     <span class='ocr_line' id='line_1_33' title="bbox 54 2940 1021 3017; baseline -0.003 -19"><span class='ocrx_word' id='word_1_218' title='bbox 54 2952 57 2958; x_wconf 83' lang='lat'>&#39;</span> <span class='ocrx_word' id='word_1_219' title='bbox 147 2940 249 3017; x_wconf 87' lang='lat' dir='ltr'>iisque,</span> <span class='ocrx_word' id='word_1_220' title='bbox 266 2943 316 3017; x_wconf 90' lang='lat' dir='ltr'>qui</span> <span class='ocrx_word' id='word_1_221' title='bbox 338 2959 391 3016; x_wconf 92' lang='lat' dir='ltr'>per</span> <span class='ocrx_word' id='word_1_222' title='bbox 405 2949 525 3000; x_wconf 87' lang='lat' dir='ltr'>aetatem</span> <span class='ocrx_word' id='word_1_223' title='bbox 546 2943 576 2999; x_wconf 91' lang='lat' dir='ltr'>in</span> <span class='ocrx_word' id='word_1_224' title='bbox 598 2943 689 3000; x_wconf 88' lang='lat' dir='ltr'>armis</span> <span class='ocrx_word' id='word_1_225' title='bbox 711 2960 853 3000; x_wconf 90' lang='lat' dir='ltr'>essenon</span> <span class='ocrx_word' id='word_1_226' title='bbox 872 2944 1021 3016; x_wconf 87' lang='lat' dir='ltr'>poterant,</span> 
     </span>
    </p>
   </div>
   <div class='ocr_carea' id='block_1_6' title="bbox 145 3018 1074 3575">
    <p class='ocr_par' dir='ltr' id='par_1_9' title="bbox 145 3018 1074 3575">
     <span class='ocr_line' id='line_1_34' title="bbox 145 3018 1023 3097; baseline -0.005 -20"><span class='ocrx_word' id='word_1_227' title='bbox 145 3021 176 3077; x_wconf 93' lang='lat' dir='ltr'>in</span> <span class='ocrx_word' id='word_1_228' title='bbox 197 3023 308 3078; x_wconf 82' lang='lat' dir='ltr'>silvanr</span> <span class='ocrx_word' id='word_1_229' title='bbox 330 3022 527 3078; x_wconf 83' lang='lat' dir='ltr'>Arduennam</span> <span class='ocrx_word' id='word_1_230' title='bbox 551 3023 672 3092; x_wconf 90' lang='lat' dir='ltr'>abditis,</span> <span class='ocrx_word' id='word_1_231' title='bbox 689 3039 754 3097; x_wconf 85' lang='lat' dir='ltr'>quae</span> <span class='ocrx_word' id='word_1_232' title='bbox 776 3019 893 3096; x_wconf 90' lang='lat' dir='ltr'>ingenti</span> <span class='ocrx_word' id='word_1_233' title='bbox 908 3018 1023 3093; x_wconf 87' lang='lat' dir='ltr'>magni·</span> 
     </span>
     <span class='ocr_line' id='line_1_35' title="bbox 146 3099 1023 3176; baseline -0.005 -18"><span class='ocrx_word' id='word_1_234' title='bbox 146 3101 249 3159; x_wconf 91' lang='lat' dir='ltr'>tudine</span> <span class='ocrx_word' id='word_1_235' title='bbox 264 3118 318 3176; x_wconf 90' lang='lat' dir='ltr'>per</span> <span class='ocrx_word' id='word_1_236' title='bbox 329 3102 444 3159; x_wconf 88' lang='lat' dir='ltr'>medios</span> <span class='ocrx_word' id='word_1_237' title='bbox 456 3101 529 3158; x_wconf 89' lang='lat' dir='ltr'>fines</span> <span class='ocrx_word' id='word_1_238' title='bbox 540 3102 733 3159; x_wconf 86' lang='lat' dir='ltr'>Trevirorum</span> <span class='ocrx_word' id='word_1_239' title='bbox 749 3120 767 3158; x_wconf 86' lang='lat' dir='ltr'>a</span> <span class='ocrx_word' id='word_1_240' title='bbox 782 3101 902 3157; x_wconf 90' lang='lat' dir='ltr'>flumine</span> <span class='ocrx_word' id='word_1_241' title='bbox 915 3099 1023 3156; x_wconf 86' lang='lat' dir='ltr'>Rheno</span> 
     </span>
     <span class='ocr_line' id='line_1_36' title="bbox 146 3173 1074 3256; baseline -0.002 -20"><span class='ocrx_word' id='word_1_242' title='bbox 146 3180 184 3237; x_wconf 89' lang='lat' dir='ltr'>ad</span> <span class='ocrx_word' id='word_1_243' title='bbox 211 3181 332 3238; x_wconf 89' lang='lat' dir='ltr'>initium</span> <span class='ocrx_word' id='word_1_244' title='bbox 361 3181 525 3238; x_wconf 89' lang='lat' dir='ltr'>Remorum</span> <span class='ocrx_word' id='word_1_245' title='bbox 553 3182 690 3256; x_wconf 86' lang='lat' dir='ltr'>pertinet,</span> <span class='ocrx_word' id='word_1_246' title='bbox 713 3179 823 3238; x_wconf 90' lang='lat' dir='ltr'>bellum</span> <span class='ocrx_word' id='word_1_247' title='bbox 849 3197 953 3254; x_wconf 87' lang='lat' dir='ltr'>parare</span> <span class='ocrx_word' id='word_1_248' title='bbox 981 3179 1024 3234; x_wconf 91' lang='lat' dir='ltr'>in·</span> <span class='ocrx_word' id='word_1_249' title='bbox 1038 3173 1074 3228; x_wconf 88' lang='lat'>35</span> 
     </span>
     <span class='ocr_line' id='line_1_37' title="bbox 146 3259 1022 3336; baseline -0.002 -20"><span class='ocrx_word' id='word_1_250' title='bbox 146 3261 255 3318; x_wconf 87' lang='lat' dir='ltr'>stituit.</span> <span class='ocrx_word' id='word_1_251' title='bbox 299 3259 358 3317; x_wconf 86' lang='lat' dir='ltr'>Sed</span> <span class='ocrx_word' id='word_1_252' title='bbox 379 3266 576 3336; x_wconf 88' lang='lat' dir='ltr'>posteaquam</span> <span class='ocrx_word' id='word_1_253' title='bbox 598 3260 732 3318; x_wconf 88' lang='lat' dir='ltr'>nonnulli</span> <span class='ocrx_word' id='word_1_254' title='bbox 759 3261 907 3336; x_wconf 90' lang='lat' dir='ltr'>principes</span> <span class='ocrx_word' id='word_1_255' title='bbox 929 3275 1022 3316; x_wconf 86' lang='lat' dir='ltr'>exea</span> 
     </span>
     <span class='ocr_line' id='line_1_38' title="bbox 146 3336 1022 3415; baseline -0.006 -19"><span class='ocrx_word' id='word_1_256' title='bbox 146 3340 270 3397; x_wconf 88' lang='lat' dir='ltr'>civitate</span> <span class='ocrx_word' id='word_1_257' title='bbox 285 3345 316 3396; x_wconf 93' lang='lat' dir='ltr'>et</span> <span class='ocrx_word' id='word_1_258' title='bbox 330 3340 534 3398; x_wconf 83' lang='lat' dir='ltr'>familiaritate</span> <span class='ocrx_word' id='word_1_259' title='bbox 552 3340 761 3415; x_wconf 73' lang='lat' dir='ltr'>⁴Cingetorigis</span> <span class='ocrx_word' id='word_1_260' title='bbox 783 3339 904 3396; x_wconf 88' lang='lat' dir='ltr'>adducti</span> <span class='ocrx_word' id='word_1_261' title='bbox 922 3344 953 3393; x_wconf 89' lang='lat' dir='ltr'>ot</span> <span class='ocrx_word' id='word_1_262' title='bbox 974 3336 1022 3392; x_wconf 90' lang='lat' dir='ltr'>ad·</span> 
     </span>
     <span class='ocr_line' id='line_1_39' title="bbox 147 3417 1019 3494; baseline -0.007 -20"><span class='ocrx_word' id='word_1_263' title='bbox 147 3426 239 3477; x_wconf 82' lang='lat' dir='ltr'>ventu</span> <span class='ocrx_word' id='word_1_264' title='bbox 261 3419 356 3476; x_wconf 88' lang='lat' dir='ltr'>nostri</span> <span class='ocrx_word' id='word_1_265' title='bbox 377 3421 525 3476; x_wconf 86' lang='lat' dir='ltr'>exercitus</span> <span class='ocrx_word' id='word_1_266' title='bbox 545 3417 696 3494; x_wconf 90' lang='lat' dir='ltr'>perterriti</span> <span class='ocrx_word' id='word_1_267' title='bbox 712 3419 748 3475; x_wconf 88' lang='lat' dir='ltr'>ad</span> <span class='ocrx_word' id='word_1_268' title='bbox 771 3419 919 3491; x_wconf 69' lang='lat' dir='ltr'>Gaesarem</span> <span class='ocrx_word' id='word_1_269' title='bbox 936 3430 1019 3470; x_wconf 80' lang='lat' dir='ltr'>vena</span> 
     </span>
     <span class='ocr_line' id='line_1_40' title="bbox 145 3495 1021 3575; baseline -0.008 -22"><span class='ocrx_word' id='word_1_270' title='bbox 145 3504 224 3568; x_wconf 86' lang='lat' dir='ltr'>runt,</span> <span class='ocrx_word' id='word_1_271' title='bbox 246 3499 329 3556; x_wconf 88' lang='lat' dir='ltr'>etde</span> <span class='ocrx_word' id='word_1_272' title='bbox 351 3499 413 3555; x_wconf 85' lang='lat' dir='ltr'>suis</span> <span class='ocrx_word' id='word_1_273' title='bbox 433 3499 574 3575; x_wconf 87' lang='lat' dir='ltr'>privatim</span> <span class='ocrx_word' id='word_1_274' title='bbox 589 3499 678 3554; x_wconf 87' lang='lat' dir='ltr'>robus</span> <span class='ocrx_word' id='word_1_275' title='bbox 700 3495 738 3552; x_wconf 89' lang='lat' dir='ltr'>ab</span> <span class='ocrx_word' id='word_1_276' title='bbox 758 3515 793 3553; x_wconf 90' lang='lat' dir='ltr'>eo</span> <span class='ocrx_word' id='word_1_277' title='bbox 813 3500 914 3569; x_wconf 90' lang='lat' dir='ltr'>petere</span> <span class='ocrx_word' id='word_1_278' title='bbox 929 3508 1021 3565; x_wconf 88' lang='lat' dir='ltr'>coepe·</span> 
     </span>
    </p>
   </div>
   <div class='ocr_carea' id='block_1_7' title="bbox 0 0 1278 3774">
    <p class='ocr_par' dir='ltr' id='par_1_10' title="bbox 0 0 1278 3774">
     <span class='ocr_line' id='line_1_41' title="bbox 0 0 1278 3774; baseline 0 1"><span class='ocrx_word' id='word_1_279' title='bbox 0 0 1278 3774; x_wconf 95' lang='lat' dir='ltr'> </span> 
     </span>
    </p>
   </div>
  </div>
 </body>
</html>
