2548 3774
488 295 601 342 araus
626 294 822 344 surrrnus.
1063 277 1129 343 169-

189 444 322 502 breviter
350 461 405 500 sua
433 443 465 499 in
494 443 612 502 AEduos
639 445 747 502 merita
773 445 908 520 exponit:
936 461 1011 521 quos
1039 449 1072 502 et

192 543 284 598 quem
300 523 429 600 humiles
444 524 615 598 accepisset,
632 525 804 599 compulsos
819 525 850 582 in
865 525 984 599 oppida,
998 524 1071 582 mul-

192 609 273 660 tatos
295 605 385 677 agrls,
402 603 542 660 erunibus
557 605 668 679 ereptis
687 605 790 679 copiis,
807 605 947 680 imposito
962 604 1073 679 stipen-

193 684 251 750 dio,
267 683 421 740 obsidibus
443 700 561 739 summa
581 701 650 740 cum
671 684 854 741 contumelia
876 683 1019 756 extortis;
1040 689 1072 741 et

193 781 282 837 quam
309 763 340 818 in
365 762 517 819 fortunam
544 781 692 839 quamque
714 764 746 821 iu
771 763 999 840 amplitudinem
1023 764 1073 821 de·
1105 773 1124 830 5

192 842 337 912 duxisset,
354 848 390 904 ut
410 859 469 899 uon
491 843 589 899 solum
611 843 642 900 in
663 843 823 917 pristinum
845 848 960 901 statum
981 843 1073 900 redis-

192 927 268 989 sent,
285 921 338 978 sed
353 921 488 979 emnium
510 928 680 997 temporum
698 923 880 997 dignitatem
895 928 926 981 et
941 923 1071 998 gratiam

192 1001 392 1058 antecessisse
414 1001 597 1060 viderentur.
642 1003 701 1060 llis
730 1002 812 1061 datis
835 1003 1072 1072 manumissos

192 1081 231 1152 ab
247 1098 278 1138 se
294 1081 418 1138 dimisit.

232 1163 277 1218 55.
296 1160 511 1218 Neviodunum
528 1167 593 1219 eret
604 1162 748 1237 oppidum
761 1161 929 1220 AEduorum
942 1163 979 1221 ad
991 1163 1071 1238 ripas
1090 1170 1124 1227 10

192 1238 313 1314 Ligeris
329 1248 497 1316 opportuno
511 1241 577 1298 loco
591 1241 733 1316 positum.
771 1241 840 1299 Huc
854 1242 956 1300 Gaesar
967 1260 1072 1300 omncs

191 1320 315 1377 obsides
331 1321 446 1391 Gallie,
460 1321 651 1390 frumentum,
661 1321 819 1397 pecuniam
834 1323 995 1397 publicam,
1007 1340 1073 1379 suo·

191 1416 260 1456 rum
276 1407 367 1475 atque
381 1401 532 1458 exercitus
553 1401 835 1474 impedimentorum
852 1419 993 1476 magnam
1008 1420 1073 1477 par·

191 1485 253 1537 tem
282 1481 467 1553 contulerat;
495 1479 554 1537 huc
582 1498 727 1555 magnum
749 1499 906 1538 numerum
928 1499 1072 1557 equorum

191 1560 282 1635 hujus
304 1560 373 1618 belli
387 1578 480 1617 causa
494 1559 524 1615 in
540 1558 631 1616 ltalia
646 1566 736 1635 atque
758 1560 908 1636 Hispania
923 1565 1070 1620 coemtum
1089 1569 1128 1625 15

190 1641 323 1697 miserat.
360 1640 486 1697 Eccum
500 1639 686 1715 Eporedorix
697 1641 964 1716 Viridomarusque
977 1642 1073 1698 venis-

190 1724 311 1777 suntet
332 1720 368 1777 de
391 1725 473 1778 statu
495 1720 630 1778 civitatis
651 1721 874 1794 cognovissent,
899 1720 1072 1778 Litavicum

191 1799 332 1870 Bibracte
361 1799 398 1856 ab
426 1799 537 1857 AEduis
562 1805 724 1875 receptum,
749 1800 830 1874 quod
857 1806 905 1857 est
927 1801 1072 1876 oppidum

191 1879 274 1953 apud
288 1897 340 1936 cos
355 1879 493 1936 maximae
509 1880 707 1950 auctoritatis,
724 1879 997 1938 Convictolitavem
1012 1897 1073 1936 ma·

191 1959 356 2033 gistratum
377 1977 578 2038 magnamque
598 1965 714 2033 partem
731 1965 856 2016 senatus
871 1959 991 2017 adeum
1006 1977 1073 2017 con·
1087 1964 1132 2020 20.

192 2039 322 2109 venisse,
351 2038 469 2112 legatos
497 2039 535 2095 ad
565 2038 846 2113 Vercingetorigem
875 2040 912 2096 de
939 2057 1013 2115 pace
1041 2046 1072 2096 et

192 2119 328 2176 amicitia
356 2118 543 2176 concilianda
570 2119 688 2192 publice
714 2119 840 2191 missos;
873 2137 932 2176 non
953 2126 1072 2194 praeter-

192 2199 373 2256 mittendum
385 2204 504 2255 tantum
518 2198 708 2255 commodum
720 2197 978 2256 existimaverunt.
1012 2200 1073 2258 Ita·

191 2296 248 2352 que
263 2278 429 2335 interfectis
452 2277 627 2335 Novioduni
647 2278 823 2334 custodibus
838 2278 946 2353 quique
968 2297 1003 2336 eo
1025 2297 1073 2337 nc-

191 2357 331 2431 getiandi
353 2375 445 2414 causa
466 2362 678 2426 convenerant,
693 2357 851 2432 pecuniam
874 2364 965 2432 atque
979 2377 1072 2434 equos
1087 2361 1124 2419 at

191 2437 270 2494 inter
284 2455 317 2494 se
331 2437 435 2512 partiti
451 2443 540 2510 sunt3
562 2437 682 2494 obsides
703 2437 861 2494 civitatum
876 2438 1018 2496 Bibracte
1033 2440 1072 2496 ad

192 2518 408 2592 magistratum
418 2517 608 2574 deducendos
620 2523 814 2590 curaverunt;
829 2518 980 2592 oppidum,
991 2519 1071 2594 quod

192 2597 229 2654 ab
245 2615 277 2654 se
291 2597 386 2654 teneri
402 2615 461 2653 non
476 2614 565 2672 posse
582 2597 768 2670 judicabant,
786 2615 822 2653 ue
840 2598 887 2654 cui
907 2604 989 2656 esset
1003 2599 1072 2656 usui

192 2676 350 2745 Romanis,
367 2677 580 2749 incenderunt3
603 2677 746 2733 frumenti
761 2677 840 2750 quod
857 2677 956 2734 subito
970 2685 1074 2753 potue-

191 2762 271 2826 runt,
298 2756 428 2813 navibus
452 2762 636 2829 avexerunt;
666 2756 815 2831 reliquum
841 2755 962 2814 flumine
982 2763 1071 2833 atque
1087 2761 1125 2816 30

191 2837 331 2894 incendio
357 2842 553 2912 corruperunt
563 2835 575 2908 ;'
601 2835 659 2910 ipsi
682 2854 719 2892 ex
742 2835 878 2893 finitimis
898 2837 1073 2912 regionibus

191 2917 294 2991 copias
303 2934 418 2990 cogere,
429 2915 569 2990 praesidia
584 2915 796 2990 custodiasque
808 2916 846 2972 ad
858 2917 939 2990 ripas
952 2917 1073 2992 Ligeris

191 2997 353 3071 disponere
381 2997 609 3070 equitatumque
638 2995 777 3052 onrnibus
812 2995 885 3052 locis
921 2997 1072 3069 injiciendi

191 3077 311 3134 timeris
332 3093 424 3132 causa
445 3080 597 3132 ostentare
620 3079 782 3149 coeperunt,
798 3076 823 3132 si
840 3076 877 3132 ab
894 3093 925 3132 re
946 3077 1075 3134 frumen·

191 3157 271 3212 teria
299 3155 456 3212 Romanos
481 3155 636 3212 excludere
665 3160 719 3212 aut
747 3155 893 3212 adductos
915 3155 1017 3230 inopia
1041 3157 1122 3215 inse

190 3235 379 3309 provinciam
394 3234 540 3310 expellere
556 3240 687 3309 possent.
732 3235 831 3308 Quam
847 3235 885 3291 ad
901 3253 985 3309 spem
1000 3237 1075 3292 mul·

192 3323 259 3387 tum
274 3333 327 3372 eos
343 3315 515 3387 adjuvabat,
532 3314 611 3389 quod
628 3313 720 3387 Liger
734 3331 772 3370 ex
792 3313 914 3371 nivibus
929 3321 1073 3384 creverat,

193 3400 229 3452 ut
244 3395 366 3451 omnino
382 3394 460 3450 vado
476 3412 536 3450 nou
549 3411 638 3468 posse
654 3392 776 3449 transiri
792 3393 952 3450 videretur.

220 3476 281 3540 bb.
309 3471 427 3545 Quibus
449 3475 539 3531 rebus
567 3471 699 3547 cognitis
729 3471 832 3548 Cesar
861 3468 1075 3528 maturandum
