2524 3776
512 311 625 360 arear
649 313 816 362 raucius.
1092 294 1132 362 67

200 463 320 521 Titurio
341 463 528 522 dediderunt.
571 463 653 522 Nam
674 469 708 522 ut
730 465 768 522 ad
789 465 869 522 bella
890 463 1082 538 suscipienda

200 544 358 603 Gallorum
380 544 478 602 alacer
492 563 526 602 ac
540 551 693 619 promptus
706 551 754 601 est
771 545 898 613 auinaue,
916 547 958 601 sic
981 543 1081 600 mollis

200 642 233 682 ae
247 624 369 682 minime
381 625 526 682 resistens
538 625 577 682 ad
588 624 780 682 calamitates
791 625 983 700 perferendas
995 641 1081 680 mens

199 722 303 762 eornm
319 711 373 762 est.

240 787 285 844 20.
309 786 425 843 Eodem
440 785 500 843 iero
522 791 656 861 tempore
670 784 796 842 Publius
810 783 948 854 Crassus,
961 801 1027 841 cum
1051 783 1082 840 in
1115 782 1133 841 5

200 863 400 939 Aquitaniam
420 866 618 941 pervenisset,
634 883 701 940 quae
722 883 800 940 pars,
818 871 852 922 ut
874 870 942 922 aute
964 864 1079 921 dictum

199 952 245 1000 est
269 951 300 1001 ct
313 946 472 1019 regionum
486 946 648 1003 latitudine
671 952 702 1002 et
716 946 909 1002 multitudine
926 944 1081 1001 hominum

199 1040 237 1080 ex
260 1025 351 1081 tertia
375 1019 459 1100 parte
484 1025 590 1084 Gallia
613 1030 661 1083 est
677 1025 865 1092 aestimanda,
882 1041 950 1082 cum
974 1024 1082 1082 intelli-

200 1110 286 1178 geret
302 1104 333 1160 in
355 1105 403 1162 his
425 1105 499 1163 locis
514 1105 571 1162 sibi
586 1105 700 1162 bellum
720 1105 894 1180 gerendum,
911 1104 962 1161 ubi
977 1105 1081 1179 paucis

200 1191 271 1241 ante
301 1186 388 1242 annis
416 1184 529 1243 Lucius
553 1185 696 1242 Valerius
725 1185 919 1243 Praeconinus
961 1185 1081 1257 legatus
1099 1183 1133 1241 1⁰

199 1265 332 1322 exercitu
346 1265 433 1339 pulso
457 1265 633 1322 interfectus
654 1271 744 1334 esset,
761 1272 850 1342 atque
865 1264 945 1321 unde
967 1263 1082 1321 Lucius

200 1343 337 1402 Manlius
369 1345 527 1420 proconsul
559 1344 787 1419 impedimentis
823 1345 945 1402 amissis
983 1343 1053 1418 prol
1071 1377 1082 1387 ·

200 1424 305 1498 gimel,
335 1442 395 1481 non
429 1425 608 1482 mediocrem
635 1423 693 1496 sibi
722 1425 911 1499 diligentiam
941 1424 1084 1482 adhiben-

199 1504 270 1561 dam
292 1504 490 1579 intelligebat.
534 1505 642 1579 Itaque
663 1523 695 1562 re
724 1503 921 1561 frumentaria
949 1505 1080 1578 provisa,

200 1583 323 1640 auxiliis
355 1585 552 1660 equitatuque
588 1591 770 1660 comparato,
799 1584 905 1641 multis
939 1589 1083 1657 praterea
1098 1586 1134 1644 15

201 1663 273 1720 viris
302 1664 429 1721 sortibus
450 1664 562 1722 Tolosa
590 1671 621 1722 et
646 1664 797 1734 Narbone,
820 1681 886 1739 qnae
917 1670 988 1720 suut
1012 1663 1084 1720 civi-

200 1748 281 1800 tates
311 1743 416 1802 Galliae
451 1745 614 1820 provinciae
644 1745 777 1802 finitima
813 1744 861 1801 his
897 1744 1081 1817 regionibus

200 1823 379 1881 nominatim
407 1825 550 1895 evocatis,
573 1825 604 1882 in
627 1825 799 1882 Sentiatum
823 1824 895 1880 finos
919 1824 1082 1880 exercitum

200 1903 376 1962 introduxit.
420 1904 514 1978 Oujus
533 1905 666 1963 adventu
681 1906 813 1980 cognito,
831 1903 986 1962 Sontiates
1002 1921 1084 1977 mag-

201 1984 251 2040 nis
270 1985 365 2058 copiis
386 1986 498 2042 coactis
519 1985 725 2060 equitatuque,
739 2003 798 2061 quo
819 1985 983 2060 plurimum
1005 1983 1083 2040 vale·
1098 1984 1135 2042 20

200 2063 283 2133 bant,
313 2065 344 2121 in
373 2065 479 2122 itinere
508 2083 618 2140 agmen
646 2072 784 2122 nostrum
813 2065 911 2122 adorti
950 2063 1082 2138 primum

200 2150 339 2218 equestre
368 2145 507 2220 proelium
542 2145 774 2203 commiserunt:
804 2145 911 2202 deinde
943 2143 1083 2218 equitatu

200 2241 256 2281 suo
284 2223 371 2299 pulso
401 2231 491 2300 atque
512 2225 742 2300 insequentibus
765 2225 886 2294 nostris,
909 2224 1011 2282 subito
1036 2242 1084 2299 pe·

199 2304 317 2361 destres
333 2304 443 2380 copias,
456 2322 533 2380 quas
548 2306 578 2362 in
592 2305 729 2362 convalle
744 2305 775 2361 in
790 2304 907 2362 insidiis
920 2305 1084 2361 collocave-

201 2389 279 2453 rant,
309 2385 514 2443 ostcnderunt.
571 2385 615 2443 Hi
651 2391 773 2442 nostros
807 2384 949 2458 disjectos
985 2384 1082 2441 adorti
1099 2383 1135 2442 25

200 2463 340 2540 proelium
357 2470 549 2522 renovarunt.

242 2546 287 2602 el.
312 2544 488 2619 Pugnatum
500 2550 548 2602 est
557 2544 609 2602 diu
621 2549 710 2620 atque
723 2545 916 2614 acriter,cum
929 2542 1083 2602 Sontiates

201 2624 406 2700 superioribus
435 2625 570 2682 victoriis
598 2625 666 2682 freti
705 2625 737 2681 in
765 2642 821 2682 sna
846 2625 959 2682 virtute
988 2624 1084 2681 totius

202 2704 377 2779 Aquitaniae
392 2706 522 2762 salutem
536 2705 667 2780 positam
682 2710 841 2780 putarent;
862 2705 1082 2772 aesinantem,

201 2784 274 2859 quid
303 2784 367 2842 sine
397 2785 577 2860 imperatore
602 2791 633 2842 et
657 2786 722 2842 sine
751 2784 875 2860 reliquis
915 2784 1083 2858 legionibus
1099 2787 1135 2842 30

202 2864 427 2923 adolescentulo
453 2865 528 2924 duce
561 2865 673 2922 efficere
695 2870 827 2940 possent,
849 2864 977 2940 perspici
998 2881 1084 2938 cupe-

201 2951 276 3002 rant.
334 2945 469 3003 Tandem
505 2945 632 3004 conlecti
662 2945 837 3001 vulneribus
866 2945 969 3000 hostes
996 2948 1084 3017 terga

201 3030 327 3083 vertere.
372 3026 506 3098 Quorum
528 3043 640 3100 magno
661 3041 787 3081 numero
809 3024 975 3091 interfecte,
997 3022 1085 3081 Cras-

202 3121 255 3161 sus
269 3123 307 3162 ex
321 3105 426 3163 itinere
442 3106 586 3181 oppidum
603 3104 775 3163 Sontiatum
790 3121 965 3178 oppugnare
984 3103 1081 3177 coepit.

138 3257 141 3263 A
203 3184 321 3257 Quibus
342 3185 459 3243 fortiter·
474 3185 685 3243 resistentibus
711 3183 816 3241 vineas
832 3192 987 3257 turresque
1009 3184 1081 3256 egit.
1098 3183 1134 3240 35

202 3264 253 3320 Illi
280 3264 356 3322 alias
371 3266 527 3341 eruptione
542 3271 660 3322 tentata
687 3264 762 3320 alias
780 3263 926 3320 cuniculis
942 3262 979 3318 ad
995 3281 1084 3335 agge-

202 3360 265 3401 rem
282 3345 445 3420 vineasque
461 3347 536 3403 actis
550 3347 648 3421 (cnjus
663 3344 705 3400 rei
721 3348 793 3400 suut
803 3343 892 3415 longe
907 3339 1084 3415 peritissimi

203 3424 363 3499 Aquitani,
392 3431 551 3501 propterea
579 3423 660 3500 quod
688 3421 794 3478 multis
822 3421 897 3478 locis
926 3419 1005 3491 apud
1033 3433 1084 3474 eos

204 3504 326 3570 arariae,
353 3510 477 3563 secturae
512 3504 609 3579 sunt),
638 3502 689 3559 ubi
718 3499 879 3576 diligentia
913 3502 1083 3553 nostrorum
