2548 3774
292 829 374 913 DE
414 828 626 914 BELLO
663 825 973 914 GALLIOO.

534 1050 747 1090 -οοκςοο--

496 1199 699 1315 LIBER
732 1206 784 1295 V.
827 1294 830 1300 .

262 1406 287 1464 1.
310 1404 413 1465 Lucro
447 1404 602 1475 Donrnro,
628 1404 731 1479 Appio
757 1403 885 1463 Claudio
916 1403 1101 1478 consulibus,

220 1483 380 1543 discedens
395 1485 432 1542 ub
447 1485 581 1542 hibernis
604 1483 708 1542 Cesar
724 1484 755 1541 in
777 1484 908 1555 Italiam,
925 1491 960 1542 ut
976 1490 1104 1560 quoten-

222 1565 270 1623 nis
291 1565 387 1623 fucere
408 1569 575 1632 consueret,
590 1563 699 1638 legetis
720 1564 858 1638 imperet,
880 1583 957 1641 quos
978 1565 1104 1640 legioni·

221 1643 279 1702 bus
299 1645 481 1721 prefecerat,
506 1643 551 1701 uti
575 1661 666 1718 quum
687 1643 834 1719 plurimus
856 1651 983 1720 possent
1004 1645 1102 1702 hieme

190 1725 317 1782 oneres
337 1723 528 1783 oediiicandns
553 1729 728 1799 veteresque
751 1724 926 1782 reficiendos
951 1729 1100 1783 curarent.

223 1803 338 1861 Earum
353 1805 476 1862 modum
491 1803 679 1878 formamque
697 1804 893 1863 demonstrat.
937 1805 987 1861 Au
1002 1805 1104 1862 celeri·

223 1889 316 1942 tatem
331 1884 475 1942 onerandi
491 1883 766 1958 subductionesque
788 1884 878 1959 paulo
897 1885 969 1942 fucit
984 1884 1104 1941 humili·

223 1980 298 2032 eree,
315 1981 404 2038 quem
419 1963 531 2039 quibus
545 1963 696 2036 innostro
717 1964 792 2020 meri
809 1964 853 2020 uti
869 1965 1102 2037 consucvimns3

224 2049 314 2118 etque
335 2044 365 2100 id
386 2061 422 2100 eo
444 2043 551 2116 magis
568 2043 648 2117 quod
663 2049 783 2117 propter
797 2043 917 2102 crebros
938 2050 1103 2101 commute-

175 2123 208 2182 10
223 2122 322 2180 tiones
337 2129 464 2180 aestunm
479 2122 581 2180 minus
596 2139 724 2196 magnos
740 2123 781 2178 ibi
797 2122 905 2180 flnctus
917 2123 979 2180 fieri
994 2140 1103 2196 cogno·

224 2209 324 2260 vernt:
347 2203 385 2259 ed
400 2220 491 2259 onere
506 2219 541 2258 ec
553 2201 777 2258 multitudinem
788 2203 993 2276 jumentorum
1005 2207 1103 2259 truns-

222 2277 402 2354 portnndem
422 2282 513 2358 pnnlo
534 2281 666 2350 letiense,
681 2299 773 2356 quern
794 2282 905 2355 quibus
925 2282 956 2338 in
977 2281 1102 2357 reliquis

222 2361 337 2419 utimur
369 2363 512 2419 maribus.
567 2361 634 2418 Hos
661 2378 766 2418 omnes
795 2362 945 2418 actuarius
973 2361 1103 2437 imperet

223 2439 293 2511 ficri,
309 2458 400 2516 quem
416 2441 453 2499 ed
471 2459 532 2498 rem
549 2440 705 2497 humilitus
720 2440 849 2497 multum
869 2442 1000 2516 adjuvet.
1044 2441 1100 2511 Ee,

171 2523 206 2579 15
222 2538 287 2595 qnae
303 2527 375 2578 sunt
389 2521 459 2578 usui
480 2521 518 2577 ed
534 2521 695 2576 annuende-s
711 2537 813 2589 narres,
828 2538 866 2577 ex
885 2520 1039 2594 Hispania
1053 2538 1102 2595 ap-

222 2602 335 2675 portari
360 2601 455 2674 jubet.
498 2599 579 2674 Ipse,
601 2599 801 2656 conventibus
823 2599 929 2657 Gallie
952 2599 1102 2656 citerioris

221 2682 360 2756 peractis,
377 2681 407 2737 in
430 2680 585 2754 Illyricum
606 2678 812 2754 proficiscitur,
828 2679 908 2751 quod
930 2696 948 2735 e
970 2677 1102 2735 Pirustis

224 2761 380 2818 finitimum
409 2765 524 2836 purtem
559 2759 720 2833 provinciae
743 2757 964 2815 incursionibus
987 2756 1102 2814 nestori

223 2840 373 2898 audiebat.
417 2839 462 2896 Eo
484 2856 551 2894 cum
567 2839 710 2907 venisset,
726 2837 902 2895 civitatibus
923 2837 1035 2895 milites
1049 2837 1103 2894 irn-

170 2921 207 2976 20
222 2927 309 2993 peret
323 2925 496 2993 certumque
512 2918 541 2974 in
557 2917 656 2973 locum
671 2917 831 2973 convenire
847 2917 943 2990 jubet.
988 2917 1056 2989 Qun
1070 2934 1101 2974 re

224 2999 373 3066 nunciate,
392 2998 520 3054 Pirustae
541 2995 661 3070 legatos
682 2994 721 3052 ed
740 3013 810 3051 eum
831 2996 966 3066 mittunt,
982 2996 1035 3070 qui
1052 2995 1103 3053 do·

222 3083 311 3134 ceant
335 3073 409 3134 nihil
436 3093 538 3133 eurum
561 3091 659 3132 rerum
684 3073 804 3149 publico
829 3074 942 3133 fectum
965 3075 1100 3145 consilio,

222 3171 348 3228 seseque
369 3161 490 3227 puratos
511 3171 577 3210 esse
598 3153 810 3211 demonstrant
824 3156 965 3212 omnibus
980 3154 1102 3212 rationi·

223 3233 280 3290 bns
291 3233 328 3290 de
339 3233 456 3306 injuriis
468 3233 651 3289 satisfecere.
686 3232 834 3308 Percepit
843 3233 977 3290 oratione
987 3250 1100 3303 eorum,

170 3312 207 3370 25
224 3311 326 3370 Caesar
347 3311 468 3369 obsides
487 3311 616 3384 imperet
636 3328 747 3387 eosque
763 3313 801 3369 ad
816 3318 929 3370 certem
951 3312 1030 3370 diem
1053 3313 1102 3369 ad·

222 3390 291 3448 duci
314 3391 417 3464 jubet:
447 3391 505 3446 nisi
535 3390 578 3445 ita
602 3389 735 3457 iecerint,
758 3409 824 3448 sese
846 3392 924 3448 bello
945 3392 1101 3450 civitatem

219 3477 447 3543 persecuturum
469 3469 666 3526 demonstrat.
710 3468 770 3527 Ilis
792 3471 829 3527 ed
850 3471 1100 3611 diemfflpiuctis,
