2562 3770
161 294 224 363 186
428 308 475 357 nn
499 307 620 356 nunno
645 305 815 354 canarno.

210 461 338 538 jiciunt3
360 458 410 518 alii
425 458 577 517 testudine
593 457 674 515 iacta
688 456 836 514 subeunt·
829 457 1065 534 ‚defatigatis
1056 478 1086 522 ιιι

211 541 307 600 vicem
330 539 442 614 integri
467 538 641 598 succedunt
683 536 792 612 Agger
816 500 855 594 ab
879 539 1030 597 universis
1057 541 1089 598 iu

211 620 409 678 munitionem
431 620 584 692 conJectus
597 622 629 675 e
644 633 802 674 ascensum
817 617 871 674 dat
885 618 984 676 Gallis
996 625 1028 677 et
1041 639 1088 690 ea,

210 718 277 776 quae
296 700 327 757 iu
349 707 429 756 terra
451 698 548 756 occult
536 703 676 754 taverunt
698 695 838 765 Romani,
860 699 1012 774 contegit:
1034 717 1091 758 nec

175 780 222 839 b
210 797 273 855 Jam
289 796 373 836 arma
386 778 506 847 nostris,
523 794 577 834 nec
592 776 672 833 vires
688 781 860 850 suppetunt.

250 862 296 919 86.
313 857 372 917 Hrs
380 857 470 916 rebus
478 855 610 932 coguitis
621 854 723 916 Gaesar
733 855 898 912 Labrenum
910 875 977 914 cum
985 858 1088 917 cohor

209 938 291 996 tibus
308 954 363 996 sex
383 937 518 995 subsidio
540 935 748 994 laborantibus
769 935 881 993 mittit:
903 936 1039 1013 imperat,
1062 937 1089 995 si

210 1019 359 1076 sustinere
381 1033 441 1073 non
462 1015 567 1108 possit,
583 1014 707 1072 deduct
681 1019 721 1073 trs
742 1013 917 1073 cohortibus
931 1017 1089 1091 eruptione

209 1103 376 1174 pugnaret:
347 1095 437 1154 tid
459 1095 518 1152 nisi
537 1094 707 1152 necessario
730 1110 767 1150 ne
790 1094 889 1152 faciat
931 1095 1001 1172 Ipse
1024 1097 1089 1154 adit

160 1177 195 1236 lo
211 1177 358 1253 reliquos3
373 1175 558 1244 cohortatur,
569 1192 605 1232 nc
616 1173 936 1232 laborisuccumbant·
906 1176 1088 1249 t‚omnium

210 1257 398 1332 superiorum
419 1254 650 1312 dimicationum
665 1253 826 1310 fructum
819 1271 849 1310 ru
869 1271 906 1311 eo
926 1219 975 1312 dic
996 1262 1089 1331 atque

210 1335 381 1394 horadocet
394 1333 566 1392 consistere.
597 1333 760 1390 Interiores
770 1333 939 1407 desperatis
954 1351 1090 1410 campes-

208 1415 307 1474 tribus
320 1415 394 1472 locis
408 1419 532 1489 propter
545 1412 787 1487 magnitudinem
802 1413 1004 1472 munitionum
1021 1415 1089 1472 loca

208 1500 359 1570 praerupta
379 1511 417 1551 ex
438 1509 565 1552 ascensu
579 1497 716 1549 tentant:
739 1491 797 1548 huc
817 1509 943 1567 eaquae
964 1511 1090 1568 parave-

159 1573 194 1632 15
209 1580 286 1645 rant,
296 1574 466 1634 coniemnt:
481 1571 675 1630 multitudine
686 1570 814 1629 telorum
828 1588 865 1628 ex
880 1572 1013 1630 turribus
1025 1591 1091 1649 pro-

208 1658 381 1728 pugnantes
402 1652 582 1710 deturbant:
604 1667 715 1725 aggere
736 1656 767 1707 et
781 1651 913 1708 cratibus
929 1651 1025 1710 fossas
1040 1670 1090 1710 ex·

209 1733 307 1807 plant:
329 1733 456 1790 falcibus
471 1731 583 1789 vallum
599 1748 633 1788 ac
648 1729 770 1788 loricam
785 1729 968 1790 rescindunt.

250 1813 295 1874 8⁷.
332 1812 431 1873 Mittit
464 1811 562 1886 primo
599 1810 729 1868 Brutum
765 1809 986 1867 adolescentem
1020 1829 1090 1868 cum

209 1892 383 1950 cohortibus
404 1890 515 1960 Oaesar,
536 1895 607 1964 post
635 1907 704 1947 cum
734 1889 803 1946 aliis
821 1888 928 1947 Caium
959 1890 1091 1948 Fabium

159 1971 195 2028 20
210 1970 361 2046 legatum:
382 1976 534 2047 postremo
550 1969 627 2044 ipse,
650 1985 717 2026 oum
740 1967 949 2026 vehementius
976 1987 1092 2045 pugna·

210 2056 285 2120 rent,
302 2051 438 2126 integros
452 2049 589 2106 subsidio
604 2047 734 2105 adducit
765 2047 922 2105 Restituto
935 2049 1040 2123 proelio
1056 2068 1091 2107 ac

210 2130 338 2206 repulsis
353 2129 498 2196 hostibus,
513 2145 549 2185 eo
552 2145 630 2202 ‚quo
642 2127 810 2184 Labienum
825 2127 957 2196 miserat,
970 2135 1092 2191 conten·
1190 2140 1193 2147 ·

212 2209 275 2282 dit3
291 2209 434 2268 cohortes
449 2203 579 2282 'quatuor
599 2223 637 2264 ex
657 2206 793 2282 proximo
809 2207 934 2264 castello
948 2173 1090 2280 deducit;

210 2289 346 2363 equitum
363 2293 482 2426 partem
499 2286 639 2360 sesequi,
655 2291 772 2360 partem
793 2286 949 2343 circumire
963 2287 1091 2344 exterio·

158 2370 195 2427 25
211 2384 259 2425 res
287 2367 471 2426 munitiones
497 2372 529 2423 et
557 2366 595 2422 ab
623 2372 710 2438 tergo
739 2363 843 2422 hostes
865 2365 975 2422 adoriri
991 2367 1087 2440 jubet.

211 2446 375 2516 Labienus,
387 2453 549 2521 postquam
564 2462 660 2519 neque
675 2461 803 2518 aggeres
814 2462 910 2518 neque
925 2445 1013 2502 iossae
1025 2446 1089 2502 vim

211 2525 345 2583 hostium
360 2525 508 2584 sustinere
523 2529 670 2599 poterant,
681 2524 793 2581 coactis
805 2524 1090 2599 undequadraginta

211 2605 394 2674 cohortibus,
402 2622 477 2680 quas
490 2621 529 2661 ex
542 2603 687 2679 proximis
701 2603 849 2678 praesidiis
864 2603 1010 2662 deductas
1026 2605 1089 2663 fors

213 2685 331 2753 obtulit,
349 2684 499 2742 Caesarem
520 2700 572 2758 per
594 2682 720 2739 nuncios
742 2682 815 2740 lacit
836 2683 1002 2754 certiorem,
1013 2683 1088 2759 quid

158 2764 383 2824 dilaniandum
405 2763 569 2820 existimet
612 2760 770 2820 Accelerat
796 2761 907 2833 Oaesar,
923 2769 957 2820 ut
979 2764 1087 2838 proelio

210 2843 335 2901 intersit.

251 2925 297 2982 88.
320 2923 394 2996 Ejus
415 2922 548 2979 adventu
568 2937 606 2977 ex
626 2919 723 2978 colore
738 2919 868 2977 restitus
883 2921 1013 2994 cognito,
1027 2939 1088 2997 quo

210 3000 321 3076 insigni
331 3003 361 3058 in
373 3002 486 3075 proeliis
498 3001 542 3058 uti
555 3005 760 3069 consueverat,
772 2999 939 3091 turmisque
951 3001 1034 3076 equit
1036 3020 1086 3058 um

210 3087 242 3138 et
266 3081 439 3140 cohortibus
463 3081 545 3148 visis,
561 3097 637 3154 quas
662 3097 693 3136 se
718 3079 803 3154 sequi
822 3080 964 3152 jusserat,
990 3086 1025 3137 nt
1049 3081 1087 3138 do

157 3161 195 3218 35
210 3159 284 3218 locis
306 3159 509 3235 superioribus
530 3126 593 3215 haec
608 3158 735 3215 declivia
749 3165 780 3215 et
794 3159 911 3236 devexa
927 3160 1087 3217 comeban-

210 3245 268 3308 tur,
284 3239 378 3297 nostri
394 3236 534 3329 proelium
549 3237 686 3294 committ
687 3243 749 3294 unt.
781 3237 850 3295 Ut
813 3227 942 3312 rtrmque
957 3239 1087 3296 clamore

211 3319 340 3388 sublato,
355 3316 466 3390 excipit
480 3333 583 3372 rursus
604 3333 641 3373 cx
656 3316 735 3373 vallo
757 3324 846 3392 atque
868 3317 1008 3375 omnibus
1023 3335 1087 3374 mn·

212 3396 378 3454 ultionibus
393 3394 513 3453 clamor.
557 3393 662 3452 Nostri
677 3394 798 3453 emissis
811 3396 880 3471 pilis
894 3395 1007 3472 gladiis
1021 3414 1085 3455 rem
