2548 3774
216 289 277 355 118
485 303 532 350 aa
557 303 677 349 animo
704 302 877 349 ennnrco.

266 456 369 514 venire
390 459 593 526 consuerunt;
614 453 665 528 qui
690 471 728 511 ex
752 453 788 510 iis
806 453 991 511 novissimus
1006 455 1098 526 venit,
1115 456 1161 516 in.

266 543 428 611 conspectu
443 533 649 591 multitudinis
664 532 804 590 omnibus
818 533 1000 591 cruciatibus
1022 536 1147 594 affectus

267 621 399 674 necatur.
467 615 504 672 Iu
538 631 574 671 eo
602 613 728 670 coneilio
757 613 993 689 Cingetorigem,
1023 616 1147 673 alterius

265 696 430 771 principem
460 692 608 765 lecticula,
634 710 779 766 generum
809 711 895 750 suum
927 697 1031 768 (quern
1055 713 1147 770 supra

233 777 251 834 5
268 775 552 842 demonstrauimus,
571 773 701 831 Oaesaris
717 779 854 830 secutum
870 774 966 842 iidem,
983 775 1021 831 ab
1035 793 1070 832 eo
1085 793 1146 833 non

267 855 468 930 discessisse),
486 854 603 911 hostem
622 853 741 926 judicat
758 853 895 928 bonaque
918 855 982 927 ejus
1004 855 1145 930 publicat.

268 935 327 992 His
338 935 427 992 rebus
439 933 582 991 confectis
594 933 624 988 in
636 932 761 990 concilio
773 933 952 1009 pronunciat
970 935 1147 992 arcessitum

202 1026 208 1037 “
267 1032 298 1072 sc
322 1033 340 1072 a
364 1014 534 1072 Senonibus
557 1020 587 1069 ct
603 1012 789 1070 Carnutibus
804 1013 929 1088 aliisque
945 1015 1147 1089 compluribus

267 1094 374 1152 Galliae
389 1094 574 1160 civitatibus,
592 1092 649 1149 huc
673 1093 731 1149 iter
746 1093 895 1150 sucturum
918 1110 971 1167 per
993 1094 1066 1152 fines
1086 1095 1146 1152 Re-

216 1173 251 1230 10
266 1192 383 1231 morum
398 1191 560 1248 eorumque
583 1189 673 1245 agros
688 1172 909 1247 populaturum,
921 1191 955 1231 ac
972 1173 1148 1250 priusquam

266 1253 297 1311 id
320 1255 420 1324 iaciat,
437 1261 538 1310 castra
561 1252 689 1310 Labieni
712 1260 975 1328 oppugnaturum:
997 1272 1063 1329 quae
1086 1254 1147 1312 lieri

267 1334 349 1403 velit,
364 1333 506 1410 praeprit.

307 1415 354 1472 ot.
380 1413 540 1482 Labicana,
553 1430 621 1469 cum
643 1417 675 1469 et
695 1412 752 1468 loci
769 1418 879 1469 natura
892 1418 924 1469 et
941 1431 1032 1470 manu
1053 1414 1150 1470 muni·

266 1493 396 1550 tissimis
411 1493 519 1550 castris
534 1511 600 1549 sese
615 1498 740 1561 teneret,
752 1491 789 1549 de
805 1510 859 1549 suo
876 1510 911 1550 ac
932 1492 1061 1567 legionis
1075 1494 1150 1568 peri·

216 1572 251 1632 15
266 1573 333 1630 culo
358 1573 433 1630 nihil
457 1573 602 1646 timebat;
625 1591 661 1629 ne
683 1590 774 1647 quam
797 1573 984 1630 occasionem
1007 1574 1049 1630 rei
1072 1575 1149 1631 bene

267 1653 405 1726 gerenda·
428 1653 603 1720 dimitteret,
627 1653 791 1726 cogitabat.
835 1652 943 1727 Itaque
966 1670 984 1708 a
1007 1653 1150 1728 Cingeto-

265 1733 329 1807 rige
345 1739 435 1808 atque
450 1735 514 1806 ejus
527 1733 704 1807 propinquis
717 1733 852 1810 oruti0ne
865 1731 1066 1789 Indutiomari
1082 1751 1149 1808 cog-

265 1813 339 1883 nita,
356 1830 445 1887 quam
469 1813 500 1869 in
519 1812 645 1874 concilio
668 1812 823 1879 habuerat,
846 1811 972 1869 nuncios
993 1813 1088 1870 mittit
1110 1814 1148 1871 ad

269 1891 413 1950 finitimas
422 1892 563 1949 civitates
572 1893 748 1967 equitesque
759 1892 889 1967 undique
899 1898 1019 1950 evocat:
1036 1892 1149 1950 hiscer-

214 1974 251 2030 20
266 1976 330 2028 tum
346 1972 425 2029 diem
437 1972 636 2030 conveniendi
651 1972 732 2029 dicit.
764 1972 890 2029 Interim
905 1989 997 2047 prope
1013 1973 1147 2047 quotidie

266 2069 334 2109 cunr
358 2053 439 2108 omni
462 2052 600 2127 equitatu
622 2051 849 2109 Indutiomarus
873 2052 929 2108 sub
950 2053 1060 2109 castris
1084 2055 1148 2127 ojus

266 2132 445 2205 vagabatur,
472 2132 548 2188 alias
573 2138 608 2188 ut
633 2131 726 2188 situm
751 2139 919 2189 castrorum
942 2140 1145 2206 cognosceret,

261 2211 341 2280 ⁴alias
355 2211 542 2287 colloquendi
566 2216 619 2268 aut
639 2212 798 2269 territandi
819 2229 929 2268 eausa:
951 2213 1068 2287 equites
1088 2213 1148 2288 ple-

264 2307 389 2365 rumque
411 2309 515 2348 omncs
535 2290 597 2348 tela
616 2291 697 2348 intra
712 2291 826 2348 vallum
842 2292 1047 2366 conjiciebant.
1091 2292 1148 2352 La·

213 2370 249 2427 25
265 2370 372 2427 bienus
387 2387 459 2427 suos
474 2371 554 2427 intra
568 2371 752 2428 munitiones
773 2372 948 2429 continebat
971 2372 1146 2448 timorisque

265 2450 446 2525 opinionem,
460 2451 697 2526 quibuscumque
711 2456 832 2527 poterat
846 2451 943 2519 rebus,
960 2453 1099 2526 erigebat.

306 2532 352 2588 58.
377 2529 453 2588 Cum
482 2531 593 2603 majore
622 2529 653 2585 in
681 2531 746 2587 dles
767 2531 990 2605 contemptione
1013 2532 1146 2588 Indutio

267 2626 369 2666 marus
395 2610 431 2666 ad
457 2616 557 2667 castra
582 2610 746 2680 accederet,
762 2617 849 2667 nocte
874 2629 936 2667 una
960 2611 1145 2668 intromissis

249 2689 417 2763 ,equitibus
441 2690 576 2746 omnium
600 2689 794 2746 finitimarum
816 2691 984 2761 civitatum,
1005 2709 1081 2766 quos
1104 2709 1146 2747 ar·

214 2771 250 2826 30
266 2770 426 2826 cassandas
455 2775 621 2840 curaverat,
645 2775 732 2827 tanta
757 2770 915 2844 diligentia
941 2788 1045 2827 omnes
1073 2789 1145 2828 suos

266 2850 414 2906 custodiis
434 2849 514 2906 intra
529 2855 629 2906 eastra
650 2850 807 2920 continuit,
824 2856 858 2907 ut
879 2851 963 2907 nulla
977 2851 1094 2908 ratione
1109 2871 1146 2908 ea

266 2945 314 2984 res
329 2929 482 2986 enunciari
499 2936 551 2985 aut
567 2929 604 2986 ad
620 2929 762 2986 Treviros
776 2930 898 3005 perferri
910 2939 1022 3004 posset.
1066 2930 1145 2989 Inte-

265 3008 321 3064 rIm
344 3027 382 3066 ex
410 3009 625 3065 consuetudine
653 3009 829 3083 quotidiana
857 3010 1086 3067 Indutiomarus
1107 3011 1145 3070 ad

266 3094 366 3144 castra
387 3088 501 3146 accedit
523 3095 611 3163 atquo
633 3087 675 3144 ibi
697 3107 840 3162 magnam
860 3097 978 3164 partem
999 3091 1056 3147 diei
1079 3109 1145 3148 con·

214 3168 248 3224 35
266 3167 376 3239 sumit;
397 3169 514 3243 equites
529 3169 590 3224 tela
605 3169 768 3242 conjiciunt
788 3176 819 3226 et
833 3187 945 3244 magna
961 3188 1027 3228 cum
1043 3177 1143 3228 contu·

264 3245 355 3301 melia
366 3248 524 3303 verborum
538 3255 658 3304 nostros
674 3249 712 3304 ad
727 3266 861 3324 pugnam
878 3256 1013 3308 evocant.
1050 3251 1079 3307 N
1082 3250 1142 3308 ullo

265 3322 304 3378 ab
318 3325 429 3380 nostris
451 3326 522 3381 dato
544 3343 696 3401 responsa,
713 3328 764 3384 ubi
780 3329 879 3385 visum
899 3336 954 3401 est,
971 3330 1026 3387 sub
1043 3348 1143 3406 vespe

265 3417 330 3456 rum
343 3402 469 3476 dispersi
479 3421 513 3459 aa
523 3404 661 3478 dissipa-ti
671 3406 837 3465 discedunt.
872 3407 980 3467 Subito
990 3410 1143 3468 Labienus

266 3477 381 3537 duabus
405 3480 499 3554 portis
521 3498 641 3538 omnem
663 3486 830 3558 equitatum
852 3489 983 3564 omittit3
1008 3491 1143 3566 praecipit
