2524 3776
149 263 191 326 26
419 277 466 324 nn
492 277 612 324 nanno
638 277 815 326 estmoe.

202 427 358 488 hominurn
374 427 483 502 viginti
498 433 629 503 quatuor
649 427 687 484 ad
709 445 777 486 eum
794 427 957 498 venissent,
973 429 1084 504 quibus

201 507 285 566 locus
310 526 345 566 ac
367 509 454 565 sedes
476 513 662 584 pararentur.
714 507 864 564 Futurum
887 525 954 566 esse
979 511 1084 585 paucis

202 588 298 658 annis,
311 589 356 646 uti
370 606 474 645 omnes
489 605 526 645 ex
542 586 648 646 Gallia
663 587 771 646 finibus
786 587 977 663 pellerentur,
994 596 1083 664 atque

198 685 304 725 omnes
328 667 470 727 Germani
496 667 639 725 Rhenum
664 669 845 726 transirent:
877 686 973 742 neque
1002 671 1081 727 enim

165 752 183 808 5
199 748 412 805 conferendum
433 765 499 805 esse
516 746 665 806 Gallicum
680 764 749 806 curn
765 747 983 806 Germanorum
1000 767 1081 824 agro,

197 845 293 904 neque
315 827 392 886 hane
412 827 660 885 consuetudinem
681 828 781 884 vietus
802 844 870 884 cum
892 827 944 884 illa
965 845 1081 904 compa·

197 908 332 966 randam.
383 908 576 965 Ariovistum
605 913 774 978 autemut
801 906 895 964 semel
925 907 1080 967 Gallorum

197 988 299 1062 copias
319 987 425 1064 proelio
447 987 562 1056 vicerit,
582 987 662 1062 quod
684 987 823 1062 proeliurn
844 987 958 1044 sactum
979 988 1020 1046 sit
1041 990 1081 1047 ad

197 1067 430 1142 Magetobriam,
442 1067 568 1142 superbe
578 1073 609 1124 et
621 1066 781 1124 crudeliter
790 1067 946 1142 imperare,
959 1069 1080 1126 obsides

146 1151 181 1206 10
196 1148 377 1205 nobilissimi
392 1149 536 1222 cujusque
551 1147 662 1204 liberos
676 1164 808 1222 poscere,
819 1153 850 1204 et
864 1147 896 1204 in
909 1164 962 1204 eos
977 1150 1079 1207 omnia

195 1228 333 1304 exempla
344 1228 553 1302 cruciatusque
565 1227 661 1296 edere,
672 1227 698 1284 si
708 1244 768 1302 qua
783 1243 830 1284 res
842 1244 902 1284 non
917 1227 956 1284 ad
970 1235 1079 1286 nutum

195 1313 248 1364 aut
264 1308 302 1366 ad
315 1307 503 1365 voluntatem
517 1308 583 1380 ejus
597 1306 678 1364 facta
693 1307 747 1363 sit:
764 1306 916 1363 hominem
931 1325 997 1364 esse
1013 1309 1079 1366 bar·

194 1387 310 1458 barum,
326 1387 514 1457 iracundum,
531 1386 741 1444 temerarium:
764 1403 825 1443 non
839 1404 930 1463 posse
945 1389 1009 1461 ejus
1023 1389 1078 1446 im·

193 1467 276 1543 peria
291 1466 405 1524 diutius
420 1466 571 1524 sustineri.
608 1465 676 1523 Nisi
691 1466 717 1523 si
732 1466 805 1540 quid
820 1467 851 1522 in
864 1466 984 1525 (lassare
1007 1486 1078 1544 pop·

142 1549 176 1605 15
194 1548 301 1622 uloque
313 1547 453 1605 Romano
469 1547 510 1604 sit
524 1545 637 1615 auxilii,
649 1546 789 1603 omnibus
803 1544 899 1604 Gallis
915 1547 993 1604 idem
1008 1566 1075 1606 esse

193 1625 371 1697 laciendum,
382 1627 463 1702 quod
475 1625 611 1684 Helvetii
620 1625 753 1695 fecerint,
765 1631 799 1682 ut
812 1626 901 1683 domo
916 1627 1074 1702 emigrent,

193 1706 275 1764 aliud
296 1707 490 1776 domicilium,
508 1706 583 1762 alias
604 1706 691 1764 sedes
715 1711 849 1763 remotas
870 1724 888 1763 a
911 1707 1074 1766 Germanis

192 1791 306 1861 petant,
322 1788 541 1862 fortunamque,
557 1803 751 1860 quacumque
774 1786 900 1854 accidat,
922 1787 1074 1861 experian-

191 1872 248 1924 tur.
285 1866 360 1924 Haec
375 1866 400 1923 si
415 1865 578 1924 enunciata
593 1865 751 1924 Ariovisto
765 1866 835 1937 sint,
850 1884 911 1923 non
925 1867 1072 1940 dubitare,

139 1946 176 2002 20
191 1947 262 2022 quin
278 1948 315 2004 de
336 1946 475 2004 omnibus
490 1945 654 2015 obsidibus,
671 1947 722 2020 qui
739 1946 819 2022 apud
833 1964 902 2002 eum
922 1947 991 2017 sint,
1008 1966 1074 2022 gra·
1156 1970 1157 1973 ¹

192 2027 351 2084 vissimum
366 2024 546 2100 supplicium
562 2031 671 2083 sumat.
715 2025 867 2084 Casarem
883 2026 929 2082 vel
946 2029 1073 2085 auctori·

191 2111 253 2163 tate
277 2123 332 2162 sua
358 2111 448 2178 atque
471 2104 630 2174 exereitus,
655 2105 703 2161 vel
726 2106 839 2162 recenti
862 2105 998 2176 victoria,
1023 2108 1070 2166 vel

191 2185 309 2243 nomine
323 2185 426 2260 populi
436 2185 568 2242 Romani
578 2185 726 2242 deterrere
736 2203 879 2258 possano
890 2187 985 2260 major
996 2188 1071 2244 mul·

190 2266 288 2322 titudo
299 2263 518 2322 Germanorum
534 2263 676 2322 Rhenum
692 2265 914 2334 transducatur,
927 2265 1071 2324 Galliam·

137 2345 173 2401 25
190 2362 247 2419 que
262 2362 381 2402 omnem
397 2345 435 2401 ab
451 2343 602 2402 Ariovisti
618 2344 728 2418 injuria
741 2342 830 2420 posse
845 2345 1034 2404 defendere.”

229 2427 274 2483 32.
299 2424 367 2482 Hac
383 2424 517 2482 oratione
534 2425 570 2481 ab
586 2424 738 2482 Divitiaeo
754 2423 867 2495 habita,
885 2443 997 2496 omnes
1013 2427 1066 2502 qui

189 2504 323 2574 aderant,
340 2521 452 2578 magno
468 2503 539 2562 fletu
561 2505 707 2561 auxilium
724 2521 742 2560 a
758 2504 876 2562 Caesare
897 2512 998 2580 petere
1014 2525 1070 2564 coe·

188 2590 304 2658 perunt.
348 2583 575 2640 Animadvertit
612 2583 715 2641 Oaesar
751 2602 829 2642 unos
863 2602 901 2642 ex
929 2585 1068 2644 omnibus

190 2663 347 2738 Sequanos
363 2663 437 2720 nihil
449 2680 552 2720 earum
564 2681 663 2720 rerum
675 2664 782 2734 facere,
795 2681 871 2738 quas
885 2665 977 2723 ceteri
992 2666 1068 2723 face·

135 2743 173 2800 30
187 2749 272 2817 rent;
295 2743 348 2800 scd
372 2743 477 2801 tristes
509 2743 608 2817 capite
637 2743 768 2800 demisso
807 2749 918 2819 terram
947 2745 1065 2805 intueri.

188 2823 262 2898 Ejus
278 2824 321 2881 rei
336 2841 428 2881 causa
443 2840 509 2897 quae
530 2828 620 2892 esset,
636 2823 771 2894 miratus,
788 2841 826 2880 cx
841 2821 916 2898 ipsis
937 2825 1066 2900 quaesiit
1153 2900 1154 2903 Ἴ

187 2902 271 2960 Nihil
302 2903 434 2978 Sequani
462 2902 651 2977 respondere,
676 2904 729 2961 sed
759 2903 788 2959 in
810 2905 914 2962 eadem
939 2905 1067 2963 tristitia

187 2983 273 3040 taciti
302 2999 485 3058 permanere.
530 2981 607 3040 (lum
637 2983 674 3039 ab
702 2983 739 3040 iis
769 2984 879 3058 saepius
909 2991 1063 3060 quaereret,
1146 3045 1154 3054 ,

189 3079 285 3137 neque
300 3063 392 3119 ullam
414 3061 536 3118 omnino
551 3079 656 3119 vocem
677 3063 843 3136 exprimere
858 3071 969 3136 posset,
985 3065 1063 3122 idem

135 3144 171 3200 35
188 3141 359 3199 Divitiacus
368 3141 487 3198 AEduus
498 3141 671 3215 respondit:
694 3148 710 3172 “
722 3143 790 3199 Hoc
801 3160 866 3199 esse
879 3143 1065 3202 miseriorem

187 3221 413 3295 gravioremque
436 3221 585 3276 fortunam
616 3220 824 3294 Sequanorum
854 3239 915 3297 prae
940 3223 1064 3299 reliquo·

186 3319 262 3370 runr,
284 3301 364 3376 quod
388 3299 444 3356 soli
465 3318 501 3356 ne
516 3300 547 3356 in
569 3301 685 3357 occulto
707 3301 827 3374 quidem
852 3302 934 3375 queri
968 3320 1064 3378 neque

186 3381 331 3438 auxilium
353 3379 511 3453 implorare
527 3380 680 3447 auderent,
697 3380 890 3453 absentisque
913 3381 1063 3440 Ariovisti

187 3461 406 3527 crudelitatem,
437 3459 518 3514 velut
547 3459 573 3514 si
602 3476 702 3516 coram
732 3459 860 3528 adesset,
890 3460 1061 3520 horrerent:
