2548 3774
458 296 568 342 ursan
592 295 775 352 Qusarus.
1041 278 1084 342 89

150 446 260 504 endam
277 464 337 503 non
351 445 555 504 existimabat.
586 445 655 521 Ipse
666 446 803 503 idoneam
816 451 1027 522 tempestatem

152 533 261 584 nactus
275 527 365 601 paulo
379 531 449 601 post
462 525 593 582 mediam
610 532 727 583 noctem
743 544 838 584 naves
853 527 952 597 solvit,
963 543 1029 602 quae

153 623 260 663 omnes
275 605 439 663 incolumes
461 605 498 662 ad
520 605 723 663 coutinentem
738 613 954 682 pervenerunt3
976 605 1029 663 sed

153 703 190 742 ex
215 685 253 742 iis
278 685 420 742 oneraria
447 685 513 742 dua
537 685 668 756 eosdem,
690 703 766 760 quos
790 686 1030 762 reliquiportus

154 782 258 841 capere
275 783 335 822 non
348 770 510 841 potuerunt
525 769 557 821 et
570 763 660 838 paulo
675 765 753 823 infra
767 764 874 824 delatae
890 772 968 823 sunt.
1063 764 1080 823 ⁵

194 847 241 905 37.
265 845 383 918 eribus
396 862 434 900 ex
447 843 576 901 navibus
587 862 655 901 cum
665 851 769 902 essent
778 845 907 921 expositi
919 845 1030 902 milites

154 924 272 982 circiter
294 923 421 982 trecenti
441 929 531 999 atque
553 923 584 980 in
606 930 707 981 castra
727 925 950 996 contenderent,
967 924 1032 982 Mo·

155 1003 219 1075 rini,
235 1020 311 1079 quos
327 1003 429 1063 (iasar
442 1004 472 1060 in
488 1003 678 1061 Britanniam
700 1004 886 1079 proficiscens
906 1011 1030 1080 pacatos

156 1083 325 1158 reliquerat,
341 1101 393 1158 spe
407 1083 513 1158 praeda
529 1083 651 1141 adducti
666 1084 761 1158 primo
776 1101 835 1141 non
857 1085 900 1141 ita
921 1101 1030 1159 magno

156 1180 280 1221 suorum
296 1180 417 1220 numero
433 1163 702 1234 circumsteterunt,
720 1182 754 1221 ac
776 1164 801 1222 si
823 1181 889 1222 sose
904 1163 1030 1221 interfici
1048 1163 1080 1219 10

155 1243 279 1312 nollent,
297 1259 381 1300 arma
394 1260 504 1318 ponere
515 1244 679 1316 jusserunt.
716 1242 792 1302 (lum
807 1242 851 1300 illi
865 1244 936 1301 orbe
951 1243 1031 1302 facto

156 1339 223 1379 sese
246 1322 446 1390 defenderent,
473 1321 609 1379 celeriter
632 1323 669 1379 ad
694 1323 853 1380 clamorem
877 1322 1032 1380 hominum

154 1403 274 1477 circiter
294 1402 377 1458 milia
397 1419 451 1459 sex
471 1413 683 1460 convenerunt.
740 1403 808 1476 Qua
832 1420 863 1460 re
889 1403 1032 1461 nunciata

151 1481 262 1541 (laesar
289 1499 408 1538 omnem
435 1499 473 1538 ex
499 1482 606 1538 castris
633 1482 802 1557 equitatum
830 1483 893 1540 suis
922 1483 1032 1540 auxilio

150 1561 250 1634 misit.
283 1561 409 1618 Interim
424 1562 520 1618 nostri
535 1561 645 1618 milites
660 1562 805 1636 impetum
822 1562 956 1620 hostium
971 1579 1033 1618 sus-
1050 1558 1084 1616 15

158 1640 313 1698 tinuerunt
344 1645 433 1716 atque
455 1640 584 1716 amplius
612 1640 695 1698 boris
719 1648 848 1716 quatuor
870 1642 1032 1699 fortissime

157 1726 378 1796 pugnaverunt,
400 1726 432 1777 et
459 1720 563 1795 paucis
592 1721 766 1778 vulneribus
796 1722 926 1798 acceptis
957 1739 1034 1779 com·
1051 1729 1059 1774 ’·.

157 1800 260 1874 plures
281 1817 318 1856 ex
339 1798 386 1856 bis
407 1801 586 1858 occiderunt.
624 1801 736 1858 Postea
752 1819 821 1859 vero
843 1820 933 1876 quam
955 1801 1036 1877 equi-

159 1885 244 1937 tatus
267 1885 372 1948 noster
394 1879 640 1954 inconspectum
665 1881 756 1950 venit,
780 1880 885 1938 hostes
910 1881 1034 1955 abjectis

158 1959 250 2016 armis
272 1964 360 2033 terga
381 1965 536 2016 verterunt
559 1977 745 2035 magnusque
768 1977 871 2018 eorum
893 1977 1034 2018 numerus
1049 1958 1086 2014 20

157 2043 205 2096 est
220 2038 344 2096 occisus.

200 2121 245 2176 38.
271 2117 372 2176 Caesar
385 2122 505 2192 postero
526 2118 575 2174 die
591 2117 694 2175 Titum
716 2119 884 2176 Labienum
899 2119 1034 2194 legatum
1069 2126 1075 2181 ἰ

159 2215 226 2255 cum
242 2197 280 2254 iis
294 2197 471 2272 legionibus,
487 2214 563 2272 quas
584 2215 621 2254 ex
642 2199 802 2256 Britannia
819 2200 987 2268 reduxerat,
1003 2199 1035 2256 in

159 2277 305 2348 Morinos,
321 2277 373 2352 qui
393 2277 584 2334 rebellionem
600 2278 739 2349 fecerant,
756 2279 847 2336 misit.
892 2280 1033 2352 Quicum

159 2362 282 2432 propter
302 2357 453 2414 siccitates
473 2357 626 2432 paludum,
648 2375 708 2433 quo
730 2376 761 2415 se
783 2359 958 2432 reciperent,
973 2375 1034 2414 non
1049 2356 1086 2412 25

160 2435 307 2493 haberent
322 2435 396 2512 (quo
411 2437 562 2511 superiore
578 2454 657 2493 anno
676 2438 813 2512 perfugio
828 2439 947 2495 fuerant
961 2437 1033 2512 usi),

160 2533 265 2573 omnes
287 2516 348 2573 fere
371 2516 402 2573 in
428 2521 611 2591 potestatem
641 2517 768 2574 Labieni
794 2523 948 2575 venerunt.
992 2517 1036 2574 At

161 2595 293 2668 Quintus
321 2595 456 2652 Titurius
484 2602 515 2653 et
543 2595 657 2653 Lucius
683 2597 773 2654 Getta
801 2597 903 2672 legati,
929 2596 979 2672 qui
1004 2596 1035 2652 in

160 2674 372 2749 Menapiorum
385 2675 458 2732 fines
468 2675 604 2749 legiones
615 2675 771 2746 duxerant,
783 2677 921 2734 omnibus
932 2693 1035 2733 eorum

161 2755 244 2829 agris
259 2755 397 2824 vastatis,
414 2755 571 2812 frumentis
593 2755 727 2824 succisis,
743 2757 876 2814 aediliciis
894 2756 1034 2824 incensis,
1050 2756 1087 2811 30

160 2835 240 2909 quod
257 2833 394 2908 Menapii
416 2851 448 2891 se
463 2852 567 2891 omnes
583 2835 614 2891 in
629 2835 824 2892 densissimas
846 2836 940 2892 silvas
956 2835 1037 2892 abdi-

160 2913 275 2983 derant,
288 2931 319 2970 se
335 2913 372 2970 ad
389 2913 537 2972 Caesarem
549 2920 731 2990 receperunt.
770 2915 916 2973 Caesarie
932 2914 1036 2988 Belgis

160 2994 296 3050 omnium
312 2993 464 3067 legionum
487 2993 611 3051 hiberna
626 2994 792 3052 constituit.
835 2995 881 3052 Eo
896 2995 962 3051 duae
978 3011 1038 3050 om-

160 3073 230 3130 nino
252 3073 392 3130 civitates
413 3091 450 3130 ex
471 3073 631 3130 Britannia
653 3074 773 3131 obsides
788 3073 951 3145 miserunt3
972 3073 1038 3129 reli-

159 3169 225 3226 quae
259 3152 464 3225 neglexerunt.
510 3153 569 3210 His
603 3153 692 3210 rebus
728 3155 832 3228 gestis,
861 3170 900 3210 ex
926 3152 1036 3209 litteris
1052 3152 1086 3208 35

161 3229 290 3289 Caesada
305 3231 421 3288 dierum
437 3231 546 3308 viginti
568 3232 748 3308 supplicatio
763 3251 781 3290 a
796 3237 903 3290 senatu
918 3231 1038 3289 decreta

159 3314 207 3367 est
