2524 3776
141 293 184 357 66
417 307 463 352 un
485 305 607 352 nanno
634 305 809 353 uranico,

194 456 252 528 his,
268 475 344 533 quos
360 457 465 514 auxilii
481 474 574 514 causa
588 475 690 514 secum
712 456 851 515 habebat.
895 456 977 515 Huic
998 475 1080 532 mug-

194 539 242 595 nis
266 538 399 612 praemiis
424 537 753 613 pollicitationibusque
778 537 949 611 persuadet.
966 539 1013 595 uti
1040 539 1077 596 ad

195 618 304 675 hostes*
319 623 473 690 transcat;
502 623 541 687 ct,
564 617 637 692 quid
659 617 721 674 fieri
744 618 827 688 velit,
850 618 964 674 edocet.
1019 618 1078 690 Qui

195 698 247 754 ubi
261 715 316 773 pro
330 697 459 773 perfuga
475 697 512 754 ad
534 715 586 754 eos
603 697 695 766 venit,
712 696 852 754 timorem
868 696 1077 754 Romanorum

161 777 353 854 5proponit:
404 778 515 853 quibus
537 777 689 852 angustiis
711 777 775 852 ipse
791 776 895 834 Caesar
917 777 1077 835 al'enetis

193 863 355 934 prematur,
405 858 511 915 docet:
575 876 673 932 neque
708 856 831 932 lougius
860 858 975 925 abesse,
1005 858 1077 932 quin

193 938 331 1013 proxima
356 944 443 995 nocte
471 937 602 995 Sabinus
626 937 702 994 clam
725 955 763 994 ex
784 938 892 995 castris
912 938 1078 996 exercitum

193 1018 304 1075 educat
324 1023 355 1074 et
378 1018 415 1074 ad
439 1017 590 1076 Gaesarem
613 1017 717 1074 auxilii
742 1017 856 1075 ferendi
882 1035 974 1074 causa
994 1017 1079 1093 profi·

194 1098 331 1155 ciscatur.
396 1098 484 1171 Quod
500 1099 552 1155 ubi
569 1098 708 1155 auditum
732 1103 788 1168 est,
806 1097 998 1155 conclamant
1018 1115 1079 1155 oni·

143 1180 178 1238 10
194 1195 247 1235 nes
272 1176 460 1235 occasionem
490 1179 604 1252 negotii
626 1179 701 1235 bene
723 1178 849 1252 gerendi
877 1177 1077 1236 amittendam

194 1275 255 1315 non
269 1275 345 1328 esse,
363 1258 400 1315 ad
415 1263 516 1315 castra
531 1258 567 1314 iri
582 1263 728 1332 oportere.
772 1257 879 1314 Multae
898 1275 947 1315 res
963 1257 1000 1314 ad
1022 1257 1078 1315 hoc

194 1337 356 1394 consilium
378 1337 484 1396 Gallos
507 1336 726 1395 hortabantur:
749 1339 938 1413 superiorum
959 1338 1077 1396 dierum
1162 1339 1163 1343 ’

195 1416 300 1475 Sabini
310 1417 472 1489 cunctatio,
483 1418 617 1494 perfugae
632 1418 828 1488 confirmatio
840 1418 943 1494 inopia
957 1418 1079 1476 cibario·

193 1514 269 1568 rum,
286 1498 333 1554 cui
348 1497 391 1554 rei
406 1515 514 1572 parum
530 1498 694 1572 diligenter
709 1497 747 1554 ab
763 1498 800 1554 iis
821 1504 887 1555 erat
910 1498 1076 1574 provisum,

143 1578 177 1634 15
194 1595 263 1652 spes
288 1577 428 1634 Venetici
454 1578 526 1634 belli
546 1585 577 1635 et
598 1578 680 1653 quod
705 1578 765 1635 fere
790 1577 920 1635 libenter
941 1578 1078 1636 homines

193 1657 233 1728 id,
249 1658 328 1732 quod
352 1657 467 1729 volunt,
491 1659 625 1716 credunt.
681 1658 741 1715 His
763 1659 854 1715 rebus
876 1658 999 1717 adducti
1017 1675 1076 1716 non

192 1739 277 1812 prius
305 1736 511 1795 Viridovicem
539 1738 731 1814 reliquosque
760 1739 852 1796 duces
880 1756 918 1796 ex
952 1738 1078 1796 concilio

194 1817 362 1886 dimittunt,
388 1835 480 1892 quam
504 1819 542 1875 ab
567 1818 615 1875 his
640 1819 681 1885 sit
704 1836 894 1890 concessum,
923 1835 1006 1876 arma
1031 1818 1076 1875 uti

194 1898 316 1972 capiant
330 1903 361 1954 et
377 1898 414 1954 ad
430 1904 530 1954 castra
552 1899 744 1956 contendant.
790 1900 858 1971 Qua
880 1916 911 1956 re
933 1915 1078 1956 concessa

64 2002 66 2010 ν
141 1976 178 2032 20
194 1976 265 2045 laeti,
282 1983 317 2033 ut
344 1976 502 2053 explorata
527 1977 661 2048 victoria,
685 1979 848 2035 sarmentis
874 1979 1077 2054 virgultisque

193 2057 335 2128 collectis,
352 2058 463 2132 quibus
484 2058 584 2115 fossas
607 2058 1016 2134 Romanorum—compleant,
1038 2058 1076 2117 ad

194 2144 294 2194 castra
315 2144 455 2212 pergunt.

231 2219 279 2282 ¹19.
303 2217 404 2274 Locus
425 2224 491 2275 erat
505 2224 674 2276 castrorum
693 2218 794 2275 editus
815 2223 847 2276 et
868 2218 1016 2293 paulatim
1038 2219 1077 2276 ab

194 2295 407 2354 imo-acclivis
436 2299 555 2355 circiter
582 2315 693 2372 passus
716 2296 806 2356 mille.
859 2298 929 2356 Huc
964 2317 1076 2374 magno

141 2375 178 2431 25
193 2394 283 2434 cursu
299 2377 526 2446 contenderunt,
543 2383 682 2452 utquam
704 2378 864 2434 minimum
883 2379 973 2454 spatii
989 2379 1028 2436 ad
1044 2397 1076 2436 se

194 2456 381 2529 colligendos
403 2457 623 2533 armandosque
650 2457 799 2514 Romanis
824 2457 955 2530 daretur,
978 2458 1077 2516 exani-

193 2536 326 2610 matique
348 2543 557 2610 pervenerunt.
615 2537 747 2594 Sabinus
767 2555 838 2594 suos
860 2537 998 2596 hortatus
1029 2557 1077 2596 cu·

193 2616 348 2691 pientibus
363 2616 485 2689 signum
507 2616 567 2675 dat.
611 2616 771 2692 Impeditis
794 2616 934 2676 hostibus
956 2625 1077 2694 propter

193 2713 237 2764 ea,
254 2713 319 2770 quae
335 2696 479 2765 ferebant,
496 2714 594 2767 onera,
611 2697 712 2776 subito
734 2697 853 2754 duabus
874 2699 971 2773 portis
992 2716 1076 2774 erup

141 2776 178 2832 30
194 2776 307 2832 tionem
329 2774 389 2832 fieri
408 2777 503 2850 jubet.
557 2776 686 2834 Factum
707 2783 754 2833 est
769 2778 996 2852 opportunitate
1009 2779 1075 2850 loci,

195 2855 328 2912 hostium
344 2855 503 2913 inscientia
518 2857 794 2938 acdefatigatione,
808 2857 922 2915 virtute
935 2858 1075 2929 militum,

193 2942 225 2992 et
247 2935 434 3011 superiorum
455 2955 627 3012 pugnarum
642 2937 864 3007 exercitatione,
880 2943 915 2994 ut
929 2956 966 2994 ne
981 2956 1074 2996 unum

193 3015 313 3090 quidem
330 3022 501 3072 nostrorum
516 3017 662 3092 impetum
678 3017 790 3080 ferrent
812 3035 846 3074 ac
869 3018 974 3074 statim
989 3023 1076 3092 terga

196 3101 355 3152 verterent.
400 3096 484 3168 Ques
505 3096 668 3170 impeditos
689 3096 817 3170 integris
833 3097 947 3154 viribus
962 3098 1075 3155 milites

141 3175 177 3231 35
194 3175 289 3230 nostri
311 3175 465 3231 consecuti
493 3193 638 3249 magnum
659 3194 818 3233 numerum
838 3195 942 3233 eorum
964 3179 1075 3235 occide

193 3260 281 3326 runt;
311 3253 442 3327 reliquos
470 3255 587 3328 equites
615 3256 789 3326 consectati,
813 3273 935 3331 paucae,
959 3257 1009 3332 qui
1038 3275 1074 3316 ex

193 3332 267 3406 iuga
288 3338 455 3401 evaserant,
477 3334 670 3408 reliquerunt.
729 3335 779 3392 Sic
801 3354 860 3393 uno
882 3342 1017 3412 tempore
1044 3343 1074 3396 et

193 3411 231 3468 de
253 3411 355 3467 navali
376 3429 480 3487 pugna
495 3411 625 3470 Sabinus
650 3415 730 3471 etde
748 3415 853 3472 Sabini
869 3416 998 3473 victoria
1014 3416 1075 3475 aa·

193 3506 244 3548 sar
258 3490 367 3548 certior
382 3490 480 3548 factus
494 3498 559 3568 ost3
583 3493 783 3570 civitatesque
799 3512 904 3553 omnes
922 3513 954 3554 se
969 3495 1073 3554 statim
