2524 3776
139 271 181 339 70
409 288 456 336 nn
481 287 602 336 annno
628 286 804 337 estmoe.

190 437 414 511 circumductis,
436 458 474 497 ne
494 456 533 497 cx
561 439 592 498 h<
602 439 695 498 stium
719 439 829 498 castris
846 440 985 515 conspici
1009 458 1071 516 pos·

191 532 268 588 sem,
289 519 425 577 omnium
449 520 544 578 oculis
568 521 781 596 mentibusque
810 520 848 578 ad
872 539 1007 596 pugnam
1033 522 1074 579 in·

190 599 293 670 tentiS,
316 599 453 658 celeriter
478 600 516 657 ad
540 617 601 669 eas,
624 618 701 675 quas
722 599 864 671 diximus,
890 601 1074 660 munitiones

190 686 401 754 pervenerunt,
425 685 516 756 atque
540 679 587 737 his
616 681 750 754 prorutis
779 681 863 756 prius
885 681 916 737 in
939 681 1072 738 hostium

157 759 298 817 icastris
319 760 529 829 constiterunt,
544 777 636 835 quam
657 760 746 834 plane
769 760 806 817 ab
828 759 876 817 his
898 761 1003 829 videri,
1020 768 1073 819 ant

190 839 263 914 quid
284 839 327 896 rei
346 846 509 914 gereretur,
525 840 667 914 cognosci
682 848 794 914 posset.
838 841 915 897 Tum
932 858 1002 898 vero
1017 841 1074 898 cla·

190 936 273 976 more
288 919 326 976 ab
337 938 374 976 ca
384 926 471 994 parte
483 919 597 989 audito,
611 920 705 977 nostri
717 921 933 994 redintegratis
945 921 1072 992 viribus

192 1000 273 1074 quod
288 1000 464 1075 plerumque
485 1000 517 1056 in
538 1017 592 1075 spe
607 999 740 1057 victoriae
756 1001 891 1058 accidere
906 1001 1072 1071 consuevit,

191 1079 290 1136 acrius
310 1080 489 1155 impugnare
510 1086 674 1154 coeperunt.
718 1079 834 1138 Hostes
860 1080 991 1156 undique
1020 1081 1074 1138 cir·

139 1158 175 1217 10
191 1160 353 1229 cumventi,
377 1160 546 1234 desperatis
569 1159 711 1216 omnibus
734 1160 832 1230 rebus,
848 1177 880 1217 se
902 1177 957 1235 per
979 1160 1073 1217 muni·

85 1269 88 1276 ·
189 1239 290 1297 tiones
311 1239 436 1314 dejicere
451 1246 482 1296 et
497 1239 571 1314 fuga
593 1239 723 1316 salutem
745 1246 847 1315 petere
869 1239 1072 1298 intenderunt.

192 1320 277 1393 Quos
291 1321 448 1396 equitatus
463 1319 664 1395 apertissimis
685 1320 802 1394 campis
819 1326 1021 1388 consectatus,
1035 1337 1074 1377 ex

188 1401 305 1457 milium
333 1399 557 1476 quinquaginta
585 1416 718 1469 numero,
747 1417 814 1476 qua
842 1417 880 1457 ex
905 1399 1075 1475 Aquitania

191 1480 413 1555 Cantabrisque
428 1479 606 1537 convenisse
622 1479 791 1550 constabat,
802 1479 854 1537 vix
868 1487 977 1556 quarta
987 1485 1073 1555 parte

139 1558 174 1617 15
189 1559 295 1618 relicta
319 1561 417 1617 multa
432 1566 519 1617 nocte
535 1577 567 1617 se
582 1558 613 1617 in
628 1566 728 1617 eastra
742 1559 862 1635 recepit.

231 1642 276 1702 ti.
301 1640 368 1698 Hac
396 1641 502 1698 audita
527 1657 633 1715 pugna
666 1657 780 1715 magna
803 1657 875 1714 pars
898 1639 1073 1715 Aquitania

189 1736 255 1778 sese
272 1720 383 1779 Crasso
404 1721 521 1778 dedidit
536 1719 717 1795 obsidesque
735 1720 814 1778 ultro
836 1720 937 1777 misit:
959 1737 1019 1795 quo
1041 1719 1073 1776 in

189 1817 312 1858 numero
328 1801 450 1859 fuerunt
465 1800 606 1872 Tarbelli,
621 1799 823 1875 Bigerriones,
841 1799 964 1870 Ptianii,
977 1799 1074 1856 Voca-

189 1886 244 1952 tes,
272 1881 446 1952 Tarusates,
473 1881 626 1952 Elusates
653 1880 756 1949 Cetea,
781 1880 887 1950 Ausci,
914 1879 1072 1950 Garumni,

137 1959 175 2017 20
192 1959 360 2032 SibnzateS,
374 1961 547 2020 Cocosates.
591 1961 701 2018 Paucae
717 1959 832 2018 ultima
847 1960 986 2017 nationes
1002 1959 1073 2016 anni

190 2046 324 2115 tempore
349 2041 476 2112 confisa,
502 2041 583 2116 quod
609 2041 707 2098 hiems
735 2040 866 2112 suberat,
891 2039 947 2098 hoc
975 2040 1074 2097 facere

191 2121 397 2196 neglexerunt.

230 2204 275 2259 28.
298 2201 414 2259 Eodem
431 2200 491 2258 iere
506 2205 641 2276 tempore
658 2200 768 2272 Caesar,
781 2200 840 2258 etsi
857 2217 951 2275 prope
966 2204 1074 2256 exacta

192 2281 256 2355 jam
279 2287 370 2338 astas
394 2286 469 2352 erat,
492 2285 603 2349 tamen,
625 2281 706 2356 quod
726 2281 809 2338 omni
832 2279 933 2339 Gallia
963 2285 1074 2354 pacata

137 2362 175 2420 25
191 2361 305 2418 Morini
327 2361 523 2436 Menapiique
545 2365 731 2436 supererant,
747 2360 800 2436 qui
818 2359 848 2417 in
864 2360 956 2417 armis
971 2364 1074 2417 essent

190 2459 285 2516 neque
307 2441 345 2499 ad
367 2459 436 2499 eum
457 2459 592 2515 unquam
613 2441 732 2516 legatos
753 2441 791 2497 de
812 2457 886 2515 pace
909 2439 1073 2508 misissent,

191 2522 356 2579 arbitratus
371 2522 401 2579 id
416 2521 528 2579 bellum
550 2520 687 2579 celeriter
703 2519 808 2578 confici
829 2537 928 2596 posse,
943 2537 979 2578 eo
994 2537 1075 2577 exer·

190 2601 282 2659 citum
311 2602 455 2659 adduxit:
483 2599 535 2677 qui
562 2600 652 2676 longe
675 2601 736 2658 alia
760 2599 877 2658 ratione
904 2617 939 2658 ac
966 2598 1073 2675 reliqui

192 2681 272 2741 Galli
287 2681 399 2739 bellum
415 2699 519 2756 gerere
533 2686 698 2756 coepernnt.
741 2679 772 2738 N
774 2697 823 2737 am
834 2680 915 2755 quod
927 2678 1076 2755 intellige·

137 2764 176 2822 80
191 2763 265 2820 bant
285 2761 434 2819 maximas
454 2761 603 2832 nationes,
618 2778 684 2837 quae
706 2761 815 2836 proelio
836 2761 1074 2828 contendissent,

191 2843 297 2917 pulsas
318 2847 538 2916 superatasque
559 2859 635 2912 esse,
652 2841 900 2916 continentesque
924 2840 1019 2897 silvas
1040 2855 1075 2896 ac

191 2923 319 2999 paludes
341 2922 502 2991 habebant,
517 2939 554 2979 eo
569 2939 602 2979 se
617 2938 732 2996 suaque
749 2920 852 2979 omnia
873 2919 1073 2977 contulerunt.

191 3004 242 3061 Ad
263 3020 391 3078 quarum
412 3001 533 3059 initium
549 3000 695 3059 silvarum
719 3018 786 3059 cum
804 3001 907 3058 Coesar
920 2998 1076 3073 pervenis·

191 3088 239 3141 set
262 3089 421 3157 castraque
442 3081 559 3139 munire
582 3081 775 3152 instituisset,
795 3097 892 3156 neque
915 3078 1013 3136 hostis
1034 3077 1077 3134 in·

138 3166 174 3224 st
192 3163 280 3221 terim
295 3163 381 3219 visus
402 3167 492 3231 esset,
508 3161 652 3237 dispersis
674 3161 705 3217 in
727 3177 815 3234 opere
835 3159 957 3227 nostris
974 3157 1075 3216 subito

191 3261 229 3301 ex
244 3244 384 3301 omnibus
398 3242 538 3316 partibus
553 3242 637 3299 silvae
652 3239 853 3298 evolaverunt
864 3243 895 3296 et
908 3238 940 3294 in
956 3243 1076 3296 nostros

193 3324 340 3398 impetum
361 3323 504 3379 fecerunt.
547 3320 653 3379 Nostri
675 3319 813 3377 celeriter
832 3335 916 3375 arma
931 3321 1076 3392 ceperunt

192 3421 303 3479 eosque
318 3403 348 3460 in
364 3402 459 3460 silvas
473 3401 656 3476 repulerunt,
672 3405 704 3457 ct
717 3398 922 3474 compluribus
942 3396 1078 3456 interiec-

192 3483 235 3542 tis
266 3482 389 3557 longins
412 3480 656 3554 impeditioribus
676 3478 751 3537 locis
772 3477 869 3537 secuti
904 3494 1019 3554 paucos
1038 3493 1077 3537 ex

193 3562 258 3620 suis
278 3561 519 3639 deperdiderunt.
