2524 3776
442 279 556 327 arana
580 279 788 328 sroonnus.
1042 257 1082 322 41

148 428 531 504 immentariaoomparata
555 435 656 489 eastra
674 435 777 488 movet
798 430 965 506 diebusque
980 429 1033 489 oir-

147 509 223 566 eiter
239 510 410 585 quindecim
427 510 464 568 ad
479 509 553 568 lines
569 510 732 585 Belgarum
747 510 895 586 pervenit.

189 593 215 647 3.
239 590 285 646 Eo
318 607 387 648 curn
424 590 460 648 de
499 590 664 665 improviso
713 590 899 665 celeriusque
948 589 1028 648 omni

148 668 291 743 opinione
320 669 463 741 venisset,
493 670 594 741 Remi,
618 669 668 745 qui
697 670 828 744 proximi
857 669 964 728 Gallia
992 687 1030 729 ex

146 748 251 824 Belgis
276 754 355 820 sunt,
377 749 415 808 ad
436 767 506 808 eum
527 750 645 825 legatos
668 749 783 807 Iccium
807 755 839 807 et
861 749 1031 808 Andecom·
1064 751 1082 811 ἓ

145 827 274 898 borium,
289 830 403 904 primos
428 829 571 900 civitatis,
588 830 745 900 miserunt,
760 829 812 905 qui
837 829 980 899 dicerent,
997 847 1029 889 se

145 925 261 984 suaque
279 909 380 968 omnia
401 909 432 966 in
453 909 540 966 fidem
558 915 647 985 atquc
669 909 700 966 in
721 915 904 984 potestatem
925 910 1029 986 populi

145 988 279 1046 Romani
307 989 498 1065 permittere:
529 1007 625 1064 neque
655 1007 687 1047 se
722 1007 790 1047 cum
825 989 930 1064 Belgis
965 990 1030 1047 reli·

144 1068 212 1142 quis
234 1069 431 1139 consensisse,
447 1087 543 1145 neque
565 1075 670 1127 contra
689 1069 831 1145 populum
854 1070 1028 1127 Romanum

143 1148 332 1222 conjurasse:
367 1155 549 1224 paratosque
577 1166 643 1206 esse
678 1155 709 1206 et
744 1149 865 1207 obsides
892 1149 963 1206 dare
997 1155 1029 1208 et
1044 1151 1080 1211 10

142 1227 292 1303 imperata
320 1228 417 1287 faeere
451 1235 482 1286 et
507 1229 625 1306 oppidis
653 1229 785 1304 recipere
817 1234 849 1287 et
875 1229 1026 1288 frumento

142 1309 310 1384 ceterisque
332 1309 423 1366 rebus
439 1311 564 1383 juvare:
586 1309 717 1384 reliquos
738 1326 843 1366 omnes
860 1309 974 1384 Belgas
995 1309 1026 1367 in

142 1387 235 1445 armis
250 1406 334 1446 esse:
357 1388 591 1464 Germanosque,
602 1389 653 1464 qui
668 1388 711 1446 eis
727 1388 868 1446 Rhenum
883 1389 1025 1460 incolant,

142 1484 208 1526 sese
230 1486 299 1526 curn
321 1467 369 1526 his
390 1469 599 1543 conjunxisse3
630 1474 809 1544 tentumque
831 1486 897 1526 esse
922 1487 1025 1526 eorum

142 1548 278 1605 emnium
301 1547 440 1619 furorem,
457 1555 491 1606 ut
506 1567 542 1605 ne
565 1548 746 1607 Suessiones
767 1549 898 1623 quidem,
916 1548 1024 1606 iratres
1042 1551 1076 1610 15

142 1628 445 1703 consanguineosque
468 1646 548 1699 suos,
571 1629 622 1704 qui
643 1630 749 1686 eodem
769 1630 835 1703 jure
858 1633 890 1686 et
909 1629 1024 1686 eisdem

141 1707 262 1782 legibus
283 1713 417 1778 utantur,
440 1726 533 1765 unum
557 1708 715 1784 imperium
741 1726 892 1784 unumque
914 1709 1025 1784 magis·

141 1792 257 1845 tratum
271 1806 340 1846 cnm
362 1788 435 1864 ipsis
449 1788 591 1859 habeant,
607 1789 756 1847 deterrere
773 1788 935 1864 potuerint,
951 1789 1023 1865 quin

71 1907 76 1914 1
140 1885 209 1925 oum
225 1867 274 1925 his
288 1868 500 1926 consentirent.

181 1951 207 2005 4.
232 1947 310 2006 Cum
332 1949 369 2005 ab
384 1948 432 2006 his
453 1953 608 2024 quaereret,
630 1965 697 2024 quoe
718 1947 861 2006 civitates
892 1954 1024 2024 quantae·
1038 1954 1076 2012 20

140 2045 197 2102 que
221 2027 253 2084 in
277 2028 371 2086 armis
394 2034 497 2085 essent
521 2028 646 2104 etquid
672 2028 704 2085 in
727 2027 805 2086 bello
827 2036 961 2105 possent,
980 2029 1023 2088 sic

140 2108 323 2183 reperiebat:
338 2108 496 2184 plerosque
507 2107 619 2183 Belgas
628 2126 695 2166 esse
706 2114 789 2166 ortos
799 2109 838 2165 ab
848 2109 1023 2167 Germanis:

140 2185 344 2264 Rhenumque
379 2188 547 2264 antiquitus
575 2189 770 2246 transductos
810 2195 933 2266 propter
965 2189 1023 2247 loci

140 2267 330 2326 fertilitatem
352 2267 395 2325 ibi
418 2269 600 2339 consedisse,
626 2268 799 2343 Gallosque,
825 2269 875 2344 qui
898 2287 935 2326 ea
957 2270 1023 2327 loca

140 2346 313 2418 incolerent,
341 2347 512 2422 expulisse3
544 2349 683 2424 solosque
715 2366 791 2419 esse,
820 2349 871 2424 qui
900 2355 1022 2424 patrum
1037 2354 1074 2413 25

139 2434 312 2485 nostrorum
333 2429 487 2498 memoria,
504 2429 586 2485 omni
608 2428 708 2488 Gallia
729 2435 847 2499 vexata,
868 2428 1022 2487 Teutonos

140 2507 341 2583 Cimbrosque
361 2508 442 2565 intra
462 2507 536 2565 fines
557 2525 630 2566 suos
657 2509 776 2584 ingredi
803 2508 1020 2583 prohibuerint.

139 2588 208 2661 Qua
222 2605 262 2646 ex
275 2605 307 2644 re
322 2587 392 2657 fieri,
408 2588 453 2645 uti
468 2606 571 2645 earum
593 2606 692 2646 rerum
714 2589 861 2646 memorie
877 2607 1021 2663 magnam

138 2668 195 2726 sibi
218 2667 430 2726 auctoritatem
455 2685 641 2744 magnosque
662 2669 788 2744 spiritus
803 2669 834 2726 in
849 2687 880 2727 re
896 2670 1020 2728 militari

89 2785 92 2794 ‚
138 2753 301 2806 sumerent.
344 2748 390 2806 De
411 2766 536 2806 numero
558 2766 661 2806 eorum
683 2749 784 2806 omnia
799 2767 831 2806 se
847 2750 957 2808 habere
972 2768 1021 2808 ex·
1036 2755 1073 2812 30

137 2827 258 2904 plorate
280 2827 371 2885 Remi
393 2828 548 2901 dicebant3
569 2834 728 2905 propterea
748 2829 828 2905 quod
850 2830 1022 2906 propinqui·

137 2909 255 2966 tatibus
276 2907 530 2983 affinitatibusque
552 2909 712 2982 conjuncti,
728 2915 873 2983 quantam
893 2911 1019 2986 quisque

138 2989 366 3046 multitudinem
388 2987 419 3044 in
440 2989 593 3045 communi
615 2988 779 3064 Belgarum
795 2990 920 3047 concilio
936 2991 1020 3048 adid

139 3068 250 3126 bellum
272 3067 425 3143 pollicitus
441 3068 489 3138 sit,
506 3069 711 3142 cognoverint.
754 3069 923 3127 Plurimum
942 3071 1021 3128 inter

137 3165 189 3206 eos
205 3148 384 3205 Bellovacos
399 3154 430 3205 et
444 3149 556 3205 virtute
571 3154 602 3206 ct
617 3148 795 3206 auctoritate
817 3156 848 3207 et
863 3149 1020 3208 hominum
1035 3151 1072 3209 35

138 3245 264 3286 numero
290 3223 489 3285 valeret'hos
509 3246 599 3303 posse
622 3228 764 3286 conficere
786 3236 904 3287 armeta
936 3231 1020 3288 milia

137 3315 277 3366 centum:
298 3307 451 3382 pollicitos
472 3327 510 3366 ex
523 3326 558 3365 eo
575 3326 698 3366 numero
716 3308 812 3366 electa
839 3308 923 3367 milia
938 3328 1021 3368 sexa-

137 3389 234 3463 ginta,
245 3387 399 3462 totiusque
411 3387 480 3444 belli
493 3388 652 3462 imperium
663 3388 721 3446 sibi
732 3389 895 3463 postulare.
933 3389 1021 3448 Sues·

137 3467 240 3526 siones
255 3485 328 3526 snos
348 3485 415 3524 esse
430 3467 593 3542 finitim0s;
618 3468 786 3526 latissimos
808 3469 1021 3526 feracissimos·
